2664 4754
121 553 398 651 LXXVII
438 547 645 646 lacobus
677 545 738 694 tle
772 553 977 686 vitriaco

53 745 89 821 1)
126 687 307 804 Riscbof
343 755 426 802 von
464 736 659 814 Accon,
679 735 841 803 buletzt
879 717 1091 817 cardinal,

84 826 206 890 starb
232 835 369 900 1244,
366 821 463 892 und
486 821 655 902 schrieb
677 835 800 888 unter
821 825 997 902 andern,
1030 819 1094 888 hi

91 909 264 976 storiam
293 906 560 983 orientalem,
604 905 931 982 occidentalem,
971 924 1011 974 et
1043 913 1093 976 de
1121 934 1145 992 *l
1199 881 1205 899 ι
1279 913 1282 926 “

36 1019 41 1026 ’
94 993 302 1078 captione
338 993 589 1067 Damiatae,
627 992 789 1055 welche
832 995 973 1060 neberr
1014 997 1094 1064 deri

92 1077 386 1144 historischen
436 1079 542 1140 auch
593 1076 704 1140 viele
759 1068 1094 1176 geographischti

93 1165 180 1228 und
213 1161 676 1254 naturgeschichtliche
716 1161 901 1229 Notiaen
933 1165 1096 1230 anthei·

62 1249 179 1318 “tem
224 1249 426 1350 Ansgabe
462 1267 553 1312 von
578 1249 846 1330 Bongarsius.

55 1388 96 1480 )
55 1385 166 1456 Α
180 1385 242 1456 Β.ι“
262 1381 409 1450 Guido
422 1405 507 1447 von
512 1380 759 1482 Luskignan,
788 1383 860 1450 der
882 1387 988 1450 Graf
1013 1351 1110 1468 voni

136 1469 348 1558 Tripolis,
395 1467 689 1556 Salaheddin,
720 1471 802 1530 und
838 1463 992 1546 dessen
1022 1459 1102 1542 Εἰ..

136 1559 331 1642 oberung
362 1577 443 1620 von
469 1557 722 1632 Jerusalem,
757 1569 866 1636 1137.
930 1621 932 1628 ,

119 1746 227 1822 Cum
251 1756 362 1819 autem
381 1723 441 1806 rex
460 1741 643 1822 Baldoinus
660 1741 731 1806 IV.
748 1758 881 1826 propter
897 1746 1099 1825 praedictam

58 1831 125 1913 ejus
144 1827 403 1912 aegritudinem,
417 1849 556 1891 uxorem
571 1831 695 1892 ducere
717 1830 889 1904 noluisset,
910 1832 989 1908 duas
1012 1853 1099 1896 soro-

61 1937 119 1992 res,
141 1935 233 1996 quas
247 1914 405 1990 habebat,
420 1913 573 1993 Sybillam
597 1913 847 2002 primogenitam
869 1929 903 1982 et
921 1901 1099 2004 isabellam
1181 1953 1184 1962 ,

56 2001 231 2084 juniorem,
256 2001 385 2062 duobus
408 1999 484 2060 viris
506 1999 671 2061 nobilibus
694 2020 827 2080 genere,
851 2003 970 2064 uxores
989 1991 1097 2072 dedit.
1150 2010 1157 2027 ¹

60 2086 208 2170 Sibyllam
242 2069 343 2148 dedit
353 2083 528 2148 Willermo
558 2087 601 2149 de
628 2084 875 2166 Longaspatha‚
910 2083 1146 2154 marchioni*
1201 2063 1207 2075 ¹
1253 2105 1256 2115 ’

60 2171 308 2238 Μιιιιιιιιειιιιιιι
330 2170 507 2232 Isabellam
530 2185 640 2235 autem
664 2169 794 2234 tradidit
815 2171 954 2234 Enfrido
975 2173 1016 2236 de
1034 2161 1099 2237 Το
1177 2219 1181 2228 .

39 2270 148 2320 ·ἰοιιο.
190 2260 332 2322 Mortuo
354 2269 465 2318 autem
487 2255 653 2352 praedicto
674 2252 863 2330 Willermo,
885 2257 999 2320 relicto
1021 2281 1101 2339 quo·

63 2344 132 2404 dam
159 2335 302 2432 parvulo
330 2339 416 2415 lilio,
448 2341 501 2402 cui
529 2361 655 2414 nornen
687 2339 886 2417 Baldoinus,
923 2365 981 2405 rex
1012 2364 1101 2425 prae

62 2423 174 2492 dictam
201 2441 368 2492 sororem
382 2445 475 2496 suam
504 2425 632 2488 tradidit
664 2425 792 2486 cuidam
820 2427 1021 2490 adolescenti
1055 2431 1098 2498 de

61 2513 261 2592 Pictavensi
269 2510 440 2586 comitatu,
474 2508 628 2574 Guidoni
640 2509 770 2582 scilicet
793 2496 839 2574 de'
857 2513 1009 2577 Lesinio:
1046 2515 1101 2578 cui

63 2599 194 2698 etiam,
206 2620 250 2662 eo
273 2598 381 2676 quod
385 2595 569 2660 infirmitate
590 2594 729 2662 nimium
760 2600 969 2678 gravabatur,
1001 2599 1120 2670 totius,
1193 2629 1217 2644 ‹·
1256 2649 1260 2659 ,

65 2683 151 2766 regni
173 2681 486 2777 administrationem
508 2681 685 2744 commisit.
708 2681 828 2748 deinde
852 2703 933 2746 vero
953 2685 1101 2766 regiain

67 2767 313 2868 dignationem
305 2769 491 2842 triburiens,
519 2763 780 2848 procurationem
804 2784 836 2834 et
859 2769 1102 2867 administratio·

66 2873 139 2919 nem
171 2853 288 2942 amisit.
337 2854 411 2918 Rex
444 2851 552 2916 enim
567 2853 754 2916 convocatis
787 2854 879 2935 regni
911 2855 1101 2938 majoribus,
1194 2885 1197 2889 ·
1229 2847 1232 2868 '
1285 2852 1287 2864 ’

66 2955 217 3038 nepotem
240 2936 338 3002 suum
359 2941 534 3019 parvulum
553 2937 790 3036 Baldoinum,
782 2960 815 3001 ιιι
839 2961 953 3022 regem
972 2941 1102 3040 injungi
1173 2945 1175 2953 ⁴

67 3023 153 3100 fecit,
179 3041 219 3088 et
241 3040 305 3102 tam
330 3025 448 3123 ipsum,
471 3044 569 3104 quam
592 3023 685 3104 regni
707 3025 849 3122 negotia,
871 3025 1101 3106 providentiae

24 3151 26 3158 1
60 3105 100 3170 'et
123 3112 243 3180 tutelae
272 3109 399 3174 comitts
418 3107 622 3190 ¹Tripolitani
650 3107 823 3174 commisit.
882 3113 963 3172 Non
993 3115 1101 3214 multo
1153 3165 1160 3184 ,
1194 3105 1208 3148 ¹¹

68 3206 211 3276 tempore
224 3209 308 3277 post
328 3195 491 3258 Baldoino
512 3195 582 3258 IV.
604 3197 683 3275 rege
704 3193 834 3276 leproso
858 3195 947 3268 viam
974 3217 1103 3276 umver
1131 3273 1136 3284 ,

69 3296 119 3342 sae
146 3280 250 3346 carnis
265 3274 452 3362 ingresso,
468 3278 599 3360 juniore
630 3277 727 3345 etiam
756 3296 847 3362 rege·
862 3261 1026 3372 Baldoiiro
1050 3285 1106 3356 de,
1145 3353 1147 3356 ¹

69 3347 193 3443 iuncto,
215 3367 379 3448 praefatus
403 3363 525 3439 Gnido,
548 3379 742 3445 procurante
765 3385 868 3430 uxore
891 3387 950 3434 sua
972 3367 1104 3450 Sibylla,

70 3449 111 3509 ad
129 3469 229 3550 quarn
250 3471 390 3534 regnum
410 3451 484 3532 jure
507 3449 703 3514 hereditario
727 3451 925 3549 pertinebat,
954 3451 1105 3521 sublima·

72 3545 118 3594 tus
140 3551 189 3600 eat
203 3537 245 3606 iu
256 3552 390 3618 regem,
412 3557 482 3598 non
500 3535 660 3634 requisito
683 3555 818 3609 assensu
839 3541 967 3608 comitis
991 3539 1105 3620 Tripo

70 3614 171 3695 litani,
204 3621 261 3702 qui
283 3621 388 3702 totius
416 3619 510 3702 regni
537 3635 726 3720 procurator
753 3637 833 3698 tunc
859 3640 939 3686 erat.
1001 3626 1105 3698 Unde
1140 3655 1142 3662 ¹
1170 3656 1208 3683 ·,

44 3743 46 3750 -
70 3705 163 3780 valde
184 3706 380 3790 indignatus,
402 3707 636 3811 praesertim
615 3706 779 3788 cumipse
803 3708 843 3768 ad
865 3729 1011 3790 regnum
1028 3710 1107 3791 aspi·

71 3783 165 3880 raiet,
198 3795 326 3874 absque
351 3791 435 3874 regis
465 3799 645 3866 consensu,
678 3813 754 3866 cum
784 3813 850 3874 quo
880 3815 1050 3868 rancorem
1074 3808 1121 3877 qt¹
1221 3861 1223 3872 ,

72 3865 246 3976 inimicitias
276 3892 496 4002 contraxerat,
532 3898 607 3945 cum
638 3861 841 3952 Salaltadino
863 3895 991 3960 treugas
1019 3880 1106 3955 iniit,
