2664 4754
28 495 242 636 monasteriii
264 536 395 602 sanctae
415 531 486 601 Dei
496 528 669 637 genitricis
690 530 829 615 Mariae,
852 525 1021 643 sanctique
1043 541 1115 604 Jo-'
1186 575 1198 584 -

30 624 137 688 annis
166 619 404 705 evangelistae,
428 623 566 686 veniens
588 621 624 684 in
645 623 873 722 praesentiam
885 624 1003 706 ipsius,
1034 645 1103 690 sus·

30 710 130 790 cepit
157 711 204 776 de
228 709 377 776 manibus
400 708 471 806 ejus
495 722 611 781 curtes,
637 726 717 786 quas
737 707 774 770 in
797 708 927 772 civitate
947 705 1101 790 habebat,
1132 721 1155 798 '.

31 810 68 858 et
104 813 209 874 agros
239 794 437 872 quosdam
429 815 464 854 ιιι
494 813 611 873 campo
634 793 785 872 ejusdem
811 793 967 870 civitatis,
999 798 1101 862 medi·

31 894 116 941 ante
145 879 288 940 domino
311 879 461 977 Hernico
485 877 658 958 episcopa,
693 877 749 956 qui
778 881 913 942 easdeui
936 896 1041 946 curtes
1065 893 1128 964 etl
1171 931 1172 936 η

34 981 138 1062 agros
165 963 326 1038 denariis
332 962 397 1026 suis
421 977 562 1034 emerat,
591 979 622 1024 et
643 963 759 1024 beatae
780 963 849 1026 Dei
870 965 1018 1064 genitrici
1038 967 1101 1035 vir

31 1049 105 1132 gini
130 1049 283 1124 Mariae,
311 1067 490 1128 sanctoque
519 1046 642 1110 Joanni
671 1047 929 1146 evangelistae
919 1070 953 1112 ιιι
976 1051 1101 1124 eodem

32 1137 262 1197 monasterio
276 1136 445 1196 obtulerat.
482 1135 670 1214 Imperator
691 1153 773 1196 vero
794 1122 876 1198 inde'
896 1137 1099 1218 regrediens,
1176 1178 1184 1202 ·.

34 1218 197 1282 transivit
213 1218 372 1294 Αιιιιιιιι,
407 1233 439 1282 ει
462 1233 701 1282 castrametatus
730 1231 780 1280 est
797 1217 890 1298 juxta
912 1219 1098 1319 Luneburg

35 1307 78 1366 ad
103 1305 244 1386 plagam
270 1305 520 1368 occidentalem.
563 1305 646 1364 Dux
668 1317 789 1377 autem,
813 1319 849 1364 ut
872 1307 1097 1390 supradictum
1161 1313 1164 1318 “
1221 1290 1248 1399 Ἰ

9 1433 11 1438 -
36 1407 98 1461 est,
124 1392 220 1470 apud
241 1390 387 1452 Stadium
405 1391 528 1470 positus
546 1403 629 1485 erat,
647 1403 680 1450 et
696 1384 774 1452 illuc
791 1405 838 1462 se,
856 1392 947 1468 quasi
961 1406 1096 1478 propter

36 1472 104 1538 loci
120 1475 335 1550 firmitatem,
358 1487 541 1556 receperat.
575 1471 662 1552 quia,
685 1471 745 1534 etsi
767 1475 806 1536 ab
829 1473 976 1540 hostibus
999 1479 1093 1542 locus

38 1561 111 1644 ipse
140 1577 328 1640 caperetur,
350 1559 420 1642 ipse
444 1562 552 1622 tamen
576 1579 635 1640 per
657 1577 755 1656 aquas
779 1578 814 1622 se
833 1560 976 1626 evadere
995 1582 1095 1642 posse
1192 1599 1194 1605 .
1244 1541 1249 1558 ¹

38 1647 209 1728 sperabat.
254 1643 403 1706 Maximo
414 1643 516 1714 enim
538 1643 627 1705 vallo
649 1641 814 1706 civitatem
835 1643 940 1724 ipsam
962 1645 1096 1714 circum

41 1729 196 1805 dederat,
221 1745 255 1794 et
277 1729 476 1794 munitiones
493 1727 681 1806 fortissimas
700 1746 776 1792 curn
794 1729 953 1796 machinis
969 1731 1096 1796 ibidem

39 1830 284 1880 construxerat.
328 1815 371 1897 Ep
394 1815 601 1896 Guncelinus
621 1831 750 1890 comes,
765 1810 841 1911 qui
870 1814 979 1894 ipsum
1008 1837 1093 1918 opus

38 1905 192 1998 urgebat,
220 1915 322 1963 turres
345 1899 532 1963 monasterii
554 1903 670 1964 beatae
692 1897 825 2001 virginis
848 1899 991 1978 Mariae,
1014 1905 1093 1987 quia

41 1987 143 2048 nimis
168 1986 347 2068 contiguae
371 1969 566 2049 videbantur
589 1981 780 2081 munitioni,
814 1987 986 2048 temerario
1009 2004 1094 2060 ausu

41 2073 217 2134 destruxit.
262 2070 409 2171 Quod
385 2090 455 2148 stne
478 2083 569 2132 reatu
592 2065 767 2166 perpetrari
788 2088 858 2131 non
882 2071 998 2170 potuit.
1027 2074 1095 2137 Sed
1117 2077 1120 2088 “

42 2179 101 2239 pro
127 2157 377 2220 abundantiore
406 2157 548 2228 cautela,
582 2157 661 2216 dum
692 2152 765 2215 talia
797 2155 897 2232 fiunt',
931 2157 1094 2239 majorem

44 2260 142 2323 saepe
166 2242 300 2304 ruinam
321 2261 421 2338 peJ
402 2239 471 2304 Dei
493 2238 671 2302 vindictam
693 2255 879 2338 operantur.
936 2243 1017 2306 Dux
1040 2262 1129 2308 au·
1173 2283 1176 2290 .

45 2343 111 2390 tem
133 2320 262 2390 videns
281 2347 317 2392 se
339 2326 372 2386 in
396 2309 482 2388 arcto
505 2324 663 2405 positum,
690 2323 817 2405 rogavit
840 2323 1044 2388 dominum
1034 2347 1093 2401 tm

41 2411 252 2495 peratotem',
281 2427 317 2474 ut
339 2412 439 2492 ipsius
463 2409 629 2484 conductu
649 2408 779 2470 veniret
799 2409 997 2508 Lupeburg,
1020 2431 1092 2494 spe

45 2518 117 2560 rans
140 2518 177 2560 se
202 2495 322 2596 apud'
314 2517 423 2577 ipsum
445 2493 511 2558 alio
534 2511 627 2574 pacto
651 2479 904 2582 misericordiam
926 2495 1091 2563 invenire.

48 2583 112 2670 Qui
143 2604 224 2652 curn
251 2582 336 2644 inter
364 2582 599 2660 Hertenebut'g
627 2594 659 2642 et
664 2574 873 2644 Bardewich
895 2582 1093 2648 conducere·-

39 2683 107 2766 ιιιι,
130 2667 274 2730 occurrit
295 2667 326 2733 ei
349 2665 523 2727 multitudo
545 2663 699 2744 miiitum
714 2665 756 2727 de
786 2663 892 2728 castris
921 2665 1093 2749 imperato-

49 2755 105 2826 ris,
134 2752 273 2836 pacifice
303 2769 379 2817 eum
410 2753 596 2850 salutantes.
630 2747 770 2846 Quibus
798 2751 993 2814 resalutatis.
1020 2773 1092 2817 non

12 2873 13 2876 =
51 2857 310 2910 consueveram,
340 2837 397 2908 ait,
424 2835 459 2897 in
481 2835 531 2896 his
559 2833 701 2932 partibus
730 2835 866 2912 alterius
889 2839 1092 2902 conductum
1138 2903 1141 2916 ,

52 2923 215 3002 accipere,
253 2883 323 2988 sed
341 2921 442 3004 magis
457 2922 565 3018 'dare-J
605 2919 677 2993 Et
668 2934 712 2980 tta
734 2923 873 2983 veniens
889 2921 1100 3022 Luneburg,¹
1149 2978 1158 2988 ,

51 3009 201 3068 omnibus
233 3005 338 3069 modis
369 3028 427 3089 per
453 3004 677 3068 internuncios
713 3005 859 3068 animum
887 3007 1091 3088 imperatoris

50 3091 150 3156 lenire
174 3076 308 3156 studuit.
343 3090 498 3174 Captivos
521 3089 618 3156 etiam
641 3107 728 3163 suos,
750 3091 964 3164 Ludovicum
980 3091 1089 3156 Land-

52 3177 203 3277 grafium,
221 3195 260 3240 et
280 3177 515 3240 Hermannurn
543 3176 674 3240 fratrem
697 3174 792 3256 ejus,
821 3175 1022 3276 Palatinum,
1045 3179 1090 3243 de
1139 3177 1141 3186 ’

52 3261 234 3342 captivitate
257 3263 386 3336 laxavit,
408 3279 551 3360 sperans,
574 3281 609 3324 se
626 3259 675 3321 his
693 3259 860 3324 beneficiis
882 3262 1015 3344 gratiam
1038 3263 1091 3328 ali·

53 3364 147 3424 quam
172 3349 306 3412 mereri.
336 3349 394 3410 sed
418 3343 498 3408 nihii
520 3345 598 3410 inde
622 3365 818 3408 consecutus
841 3361 900 3410 est.
944 3349 1091 3429 Impera·

54 3443 102 3494 tor
121 3449 233 3496 tamen
253 3433 333 3496 inde
355 3431 582 3529 proficiscens,
611 3431 733 3492 curiam
758 3433 845 3512 apud
869 3433 1090 3533 Quedeling'e-

54 3514 132 3598 burg
154 3519 185 3581 ei
208 3516 371 3600 praefixit,
405 3531 440 3578 ut
461 3515 535 3578 ibi'
527 3531 611 3578 mter
641 3516 819 3597 principes,
851 3517 930 3598 quid
953 3519 1026 3582 de
1017 3540 1090 3620 ιιιιο

54 3598 158 3678 fieret,
188 3601 310 3683 justitia
338 3602 513 3676 mediante,
543 3603 783 3666 decerneretur.
848 3603 950 3666 Unde
985 3605 1091 3686 gavisi
1165 3603 1177 3617 ‘
1243 3661 1246 3670 .

56 3701 126 3747 sunt
148 3705 264 3750 ornnes
287 3687 382 3749 amici
405 3687 513 3762 ducis,
540 3703 708 3768 sperantes
730 3685 853 3768 aliquid
874 3689 954 3750 boni
978 3689 1088 3754 ibide

28 3787 93 3844 ,eo
116 3774 346 3835 ordinandum.
381 3773 450 3838 Ubi
472 3794 548 3834 cum
570 3770 651 3844 nihil
674 3771 714 3834 de
738 3793 832 3837 causa
856 3769 957 3854 ipsius
979 3789 1088 3838 tracta-
1139 3766 1151 3836 ¹.

44 3864 121 3930 turn
148 3857 277 3930 fuisset,
310 3855 442 3939 prbpter
458 3851 678 3930 seditionem,
699 3875 784 3936 quae
811 3859 1025 3940 interipsum
1054 3873 1101 3938 et

54 3925 218 4057 aemulum
238 3943 309 4025 ejus
332 3945 451 4014 ducent
478 3941 726 4016 Bernhardum,
759 3949 877 4008 coorta
896 3960 961 4033 est,
991 3943 1089 4042 aliam
1127 4000 1129 4008 ,

621 4027 688 4090 Aa
872 4082 875 4088 ,
1058 4027 1091 4093 oi

315 4104 331 4132 ,ι

621 4271 626 4296 ι
