2664 4754
216 405 296 509 870

220 593 253 660 ei
282 591 405 656 curiam
438 589 525 674 apud
554 588 791 674 Erpisfordiam
821 585 949 674 indixit.
991 593 1091 656 Tunc
1118 591 1290 676 temporis

221 679 376 754 Siiridus,
399 679 664 760 archiepiscopus
686 677 894 752 Bremensis,
923 679 960 741 in·
980 678 1129 758 plenaria
1151 679 1289 742 restitu-

221 767 313 830 tione
341 763 466 848 recepit
495 761 640 825 Stadium
663 762 745 824 'cum
769 761 924 826 omnibus
947 763 1032 836 aliis,
1065 785 1157 844 quae
1187 781 1290 848 antea

195 851 305 928 ,Dux
333 849 425 932 quasi
441 851 496 914 de
525 849 698 914 Bremensi
728 848 866 912 ecclesia
894 849 1143 912 inbeneficiatos
1182 851 1290 932 possi-

221 939 301 1002 dere
324 937 508 1000 videbatur.
574 937 749 998 Sexcentas
774 950 883 996 tamen
907 954 1029 996 marcas
1052 935 1188 1016 argenti
1211 935 1290 998 Phi-

221 1023 325 1106 lippo,
347 1019 540 1088 Coloniensi
562 1021 824 1101 archiepiscopo,
843 1020 1019 1108 persolvit,
1051 1042 1152 1102 quem
1192 1043 1288 1103 roga·

180 1160 188 1176 s
223 1123 331 1182 verat,
366 1123 401 1170 ut
428 1127 505 1168 cum
534 1107 679 1169 exercitu
708 1106 847 1168 veniens
876 1105 1028 1170 Stadiuirt¹
1050 1111 1285 1188 expugnaret.

109 1205 113 1222 ¹
158 1223 163 1228 ·
225 1191 391 1282 Quicum
411 1191 505 1275 juxta
528 1191 720 1273 petitionem
743 1191 843 1272 ipsius
867 1191 1029 1268 venisset,
1050 1189 1104 1256 ille
1129 1215 1201 1274 per
1227 1193 1288 1254 dis-

129 1282 138 1306 '
224 1276 455 1360 pensationem
478 1275 699 1358 imperatoris,
728 1293 763 1340 ut
786 1277 996 1352 dictumest,
1029 1292 1175 1362 castrum
1205 1278 1287 1340 obti-

225 1377 360 1440 nuerat,
394 1385 459 1426 nec
488 1363 596 1424 minus
626 1362 884 1446 illepecuniam
907 1361 968 1424 sibi
989 1362 1190 1446 promissam
1221 1363 1287 1427 exi·

225 1450 333 1532 gebat.
391 1451 514 1512 Comes
550 1448 647 1510 etiam
676 1449 887 1512 Bernhardus
911 1458 943 1524 et
970 1465 1081 1511 comes
1110 1447 1285 1524 Adolfus,

141 1553 147 1577 t
226 1549 327 1597 castra
351 1549 383 1598 et
404 1533 589 1616 provincias
612 1553 685 1596 suas
708 1555 767 1615 per
789 1533 1019 1616 imperatorem
1051 1534 1160 1616 adepti
1190 1551 1289 1615 sunt,

226 1617 309 1682 Duit
332 1638 442 1694 autem
464 1619 604 1682 veniens
633 1619 674 1681 ad
703 1619 825 1681 curiam
855 1619 914 1681 sibi
930 1619 1142 1702 praelixam,
1167 1633 1285 1682 totum
1325 1647 1326 1654 ¹

228 1723 265 1768 se
288 1705 482 1768 submittens
506 1703 624 1788 gratiie
646 1705 860 1788 imperatoris,
885 1705 977 1768 venit
999 1707 1039 1766 acl
1061 1706 1164 1786 pedes
1195 1709 1284 1786 ejus.

227 1787 297 1878 Qui
319 1792 361 1854 de
385 1807 466 1854 terra
487 1791 614 1866 levans,
636 1794 799 1875 osculatus
822 1807 855 1854 et
877 1811 966 1866 eum,
988 1811 1057 1852 non
1079 1791 1150 1852 sine
1175 1792 1283 1874 lacry-

226 1875 300 1956 mis,
342 1879 432 1956 quotl
462 1890 548 1936 tanta
575 1875 660 1940 in'ter
687 1897 745 1940 eos
773 1876 995 1943 controversia
1016 1874 1072 1936 diu
1094 1875 1282 1952 duraverit,

227 1975 262 2025 et
285 1963 375 2044 quod
396 1961 466 2042 ipse
490 1960 549 2022 sibi
572 1967 679 2025 tantae
701 1961 896 2043 dejectionis
917 1981 1014 2023 causa
1035 1961 1141 2024 fuerit.
1174 1963 1280 2052 Quae

228 2059 339 2109 tamen
363 2066 525 2128 au·verae
544 2045 681 2121 fuerint,
705 2047 894 2130 ambigitur;
927 2067 1011 2135 narn
1027 2045 1168 2121 videtur,
1197 2069 1280 2110 eum

211 2133 310 2204 ,iere
339 2151 408 2190 non
437 2129 537 2193 fuisse
567 2132 771 2207 miseratum,
813 2132 889 2212 quia
924 2135 966 2193 ad
997 2146 1114 2194 statum
1142 2132 1279 2214 pristini
1325 2173 1326 2184 ,

228 2214 364 2276 honoris
387 2235 463 2278 eum
487 2215 655 2280 restituere
678 2239 746 2279 non
770 2235 819 2282 est
841 2233 987 2279 conatus.
1031 2219 1134 2313 Quod
1158 2236 1277 2282 tamen

228 2315 363 2448 ppopter
385 2300 642 2382 jurisjurandum
670 2304 710 2364 atl
739 2323 892 2386 praesens
919 2304 1028 2392 lacere
1055 2325 1123 2364 non
1153 2304 1277 2385 potuit.

267 2386 388 2465 enique
418 2407 492 2468 cum
512 2383 639 2452 xismnes
668 2387 830 2470 principes
860 2389 901 2450 ad
924 2389 1143 2470 dejectionem
1166 2390 1275 2470 ipsius

228 2469 415 2551 aspirarent,
434 2471 559 2576 jpravit
579 2472 625 2536 eis
648 2473 823 2554 imperator
843 2495 904 2555 per
924 2475 1077 2536 duonum
1096 2477 1191 2556 regni
1213 2476 1274 2552 sui,
1324 2489 1325 2534 1

227 2573 400 2655 nunquam
429 2578 463 2620 se
489 2579 566 2620 eum
589 2557 624 2620 in
645 2561 781 2640 gradum
811 2559 983 2640 pristinum
1004 2575 1272 2636 restauraturum,

121 2713 125 2721 ι
194 2643 200 2652 ’
228 2640 291 2704 nisi
312 2643 346 2703 1d
368 2643 462 2712 fieret
483 2643 518 2703 in
539 2646 746 2724 beneplacito
770 2645 930 2706 omnium.
981 2645 1061 2710 Hoc
1082 2655 1193 2708 tamen
1219 2647 1272 2708 cir·
1322 2691 1324 2744 p

198 2771 202 2777 .
228 2745 267 2787 ca
288 2723 396 2808 ipsum
419 2729 641 2808 dispensatum
665 2746 728 2804 est,
753 2746 787 2792 ut
808 2727 1041 2812 patrimonium
1063 2749 1178 2808 suum,
1203 2731 1270 2793 ubi·
1323 2747 1324 2800 t

99 2809 106 2820 ⁸
228 2827 361 2890 cunque
385 2831 540 2876 terrarum
561 2814 690 2890 fuisset,
724 2815 795 2878 sine
822 2833 923 2877 omne
952 2813 1269 2880 contradictione'li-

131 2921 140 2932 ·
203 2896 371 2966 ,berrime
400 2898 592 2980 possideret.
636 2903 718 2962 Dux
745 2921 827 2964 vero
855 2922 915 2982 per
943 2899 1120 2963 triennium
1150 2903 1267 2964 terram

229 2983 405 3071 abjuravit,
439 3000 475 3044 ut
506 2983 589 3048 inira
622 3001 751 3068 tempus
783 2987 817 3046 id
845 3001 962 3048 terram
995 3005 1087 3070 suam
1120 3007 1192 3047 non
1225 2987 1267 3047 in-

230 3079 341 3144 traret,
390 3065 451 3130 nisi
491 3089 550 3150 per
584 3071 815 3152 imperatorem
847 3071 1039 3134 revocatusj
1094 3071 1266 3134 Profectus

229 3165 278 3214 cst
306 3153 346 3216 ad
374 3174 533 3236 generum
563 3177 675 3232 suum,
708 3177 821 3240 regem
853 3155 1016 3238 Angliae,
1054 3175 1130 3234 cum
1164 3167 1263 3219 uxore

229 3250 263 3298 et
288 3236 414 3312 liberis,
449 3257 482 3303 et
510 3245 597 3322 apud
626 3264 703 3304 eum
734 3257 876 3302 moratus
909 3255 958 3301 est
990 3239 1083 3302 omni
1117 3258 1262 3320 tempore
1321 3279 1322 3332 ,

228 3319 320 3382 illo.·
360 3325 483 3410 ¹Quem
525 3348 584 3390 rex
623 3327 767 3410 Angliae
806 3323 1036 3388 honestissime
1076 3326 1262 3407 suscipiens,

97 3471 101 3478 ,
192 3427 194 3432 ·
227 3403 335 3486 ipsum
369 3410 459 3488 quasi
493 3411 672 3494 principem
707 3433 806 3496 super
839 3432 976 3475 omnem
1003 3410 1131 3483 terram*
1154 3411 1262 3473 consti-

165 3552 170 3562 ,
226 3492 377 3638 tuinret·
400 3496 535 3574 omnes,
567 3497 624 3579 qui
653 3509 765 3568 secum
800 3499 994 3575 exulabant,
1026 3495 1261 3562 contemnitis
1320 3561 1321 3564 ,

224 3597 301 3660 amp
315 3596 402 3644 tavit.
803 3599 805 3602 ·

1060 4025 1257 4142 'nxxvn
