2664 4754
92 323 941 510 'asausfff
1168 265 1325 496 1

215 569 322 634 vitans
341 567 432 638 euin
454 583 612 638 nuatum
634 558 869 642 rl'ucrimina,
859 587 894 629 ιιι
915 565 1063 633 vastitate
1085 569 1186 632 miris
1209 571 1257 632 fo-
1324 563 1325 620 ἶ

214 677 313 720 veam
341 655 485 754 reperit,
503 655 563 740 pbi
589 655 693 716 cadat.
736 651 944 716 lohannes'
934 669 1043 734 itaque
1066 656 1256 754 praedit-,pus

186 757 189 764 ·
215 742 258 804 ad
279 754 396 804 terram
416 737 562 812 rediens,
589 759 679 802 nova
704 737 786 800 sicut
814 753 952 802 venator
970 741 1099 820 :gaudet
1120 741 1256 816 laetitia,

214 841 308 908 capta
335 827 467 924 praeda,
496 843 645 906 sperans,
674 822 746 886 sive
769 823 881 886 tendat
901 825 942 884 ad
964 825 1152 900 dexteram,
1180 825 1255 888 sive

216 911 259 974 ad
285 909 445 972 sinistram
473 910 634 982 declinet,
667 907 861 972 affectatis
851 927 889 968 ιιι
920 927 1056 980 omnem
1088 923 1257 976 eventum

164 1000 167 1006 '
214 995 336 1078 repleri
364 993 564 1094 muneribus,
596 1009 631 1056 et
660 991 777 1090 pretio
796 1007 971 1092 propterea
991 1013 1112 1077 magno
1132 995 1257 1072 dotari,

175 1082 179 1093 ’
215 1081 288 1146 sive
319 1079 387 1163 regi
417 1079 567 1160 placitam
599 1093 632 1142 et
654 1075 874 1160 ,perquisitam
905 1077 986 1142 velit
1018 1081 1176 1161 praedam
1212 1101 1256 1141 as

215 1165 360 1246 signare,
392 1185 491 1244 quam
520 1178 667 1244 ceperat,
698 1181 759 1226 scu
790 1181 869 1226 suae
900 1162 1069 1228 restituere
1099 1164 1255 1229 libertati.

214 1250 346 1314 Verum
368 1253 533 1314 Robertus
555 1251 598 1312 de
616 1247 767 1323 Lavena,
789 1245 982 1329 capitaneus
996 1252 1163 1330 galearum
1175 1253 1257 1312 Pro·

215 1333 424 1411 vincialium,
445 1355 530 1414 quae
552 1333 676 1414 pridie,
697 1331 780 1394 sicut
801 1331 880 1406 vidi,
907 1347 942 1397 et
958 1334 1150 1398 duraturum
1168 1335 1256 1398 testi·

133 1489 138 1498 ¹
213 1419 364 1482 monium
393 1421 524 1502 profero
554 1415 772 1500 perloquendi
797 1416 934 1482 veritate
955 1435 1087 1500 suasus,
1107 1419 1185 1490 satis
1210 1421 1256 1482 vi·

152 1575 157 1594 ¹
189 1505 318 1568 ·riliter
339 1508 499 1588 fugerant,
520 1503 679 1584 quoniam
701 1504 742 1564 ad
760 1503 906 1566 eundem
928 1505 1112 1568 liebertum
1133 1505 1255 1585 captio·

213 1596 305 1664 uem,
333 1589 568 1674 hujusmodi
553 1609 662 1650 novae
685 1588 825 1669 praedae
847 1589 934 1650 lama
954 1591 1171 1668 perduxerat,
1200 1611 1252 1652 co.

211 1675 309 1740 mites
330 1675 495 1758 galearum
517 1689 689 1754 totumque
709 1673 841 1736 stolium
862 1673 949 1754 cogit
971 1673 1012 1734 ad
1034 1687 1172 1750 terram,
1193 1697 1254 1737 vo-

213 1760 287 1824 lens
314 1762 429 1822 saltem
456 1778 517 1840 per
544 1757 630 1832 vim,
662 1758 689 1820 si
718 1757 840 1832 valeat,
874 1759 913 1818 ab
944 1760 1065 1822 eodem
1093 1759 1254 1826 iohanne
1324 1765 1325 1800 i

213 1843 415 1918 subducere,
449 1857 483 1908 et
514 1857 711 1924 extorquere
744 1857 931 1924 concaptus.
974 1845 1053 1923 Ipse
1085 1865 1172 1906 vero
1198 1847 1254 1908 Jo
1324 1893 1325 1898 ,

212 1929 352 2004 hanuet,
381 1928 438 2027 qui
466 1950 530 1992 nec
550 1928 705 2024 liberare,
733 1927 804 1990 riec
801 1929 944 1992 tradere
966 1928 1131 2008 praedam
1145 1928 1253 2012 dispo
1324 1963 1325 2006 3

120 2015 124 2026 '
212 2029 337 2089 tuerat,
358 2013 423 2076 nisi
443 2033 560 2093 magna
581 2011 669 2094 prius
690 2013 783 2076 foret
796 2014 949 2076 mercede
972 2015 1117 2089 dotatus,
1140 2017 1255 2076 Corra·
1323 2047 1325 2080 ι

212 2096 347 2175 diuum,
379 2110 412 2162 et
433 2097 512 2160 alias
530 2095 723 2178 illaqueatos
744 2096 848 2162 taliter
869 2091 908 2158 ab
931 2099 1069 2174 eodem,
1093 2113 1139 2163 ut
1154 2099 1253 2162 exhi
1324 2105 1325 2146 ὲ

187 2183 292 2246 -bere
331 2181 486 2262 praedam
524 2179 716 2262 hujusmodi
747 2181 834 2247 dicto
867 2183 1013 2245 Roberto
1048 2182 1138 2265 cogi,
1179 2181 1291 2247 sine

214 2281 302 2352 grata
323 2279 357 2331 et
376 2281 502 2348 sperata
524 2265 675 2348 pactione
695 2285 764 2330 non
787 2281 897 2348 posset
917 2266 1055 2343 invitus,
1084 2270 1127 2336 ad
1149 2271 1252 2349 quod·

213 2355 290 2414 dam
311 2367 450 2416 castrum
472 2353 513 2416 de
538 2369 642 2433 prope
661 2351 746 2414 forte
768 2352 956 2414 transvexit.
998 2353 1144 2436 Angitur
1167 2375 1246 2436 ergo

212 2435 247 2500 in
269 2438 376 2500 castris
398 2451 432 2500 et
454 2451 640 2518 angustatur
662 2433 836 2502 obsidione
856 2451 1046 2510 nautarum,
1084 2441 1250 2520 adquam
1292 2459 1295 2467 ·

213 2521 421 2586 obsidionem
441 2521 555 2586 fortius
577 2522 827 2602 perurgendam,
850 2521 1003 2621 dominus
1019 2517 1185 2600 Jordanus
1208 2527 1250 2588 de

211 2607 396 2670 Turi-asena
434 2603 636 2682 cardinalis,
653 2606 709 2686 qui
741 2606 850 2668 officio
888 2607 1046 2672 rectoriae
1077 2607 1250 2675 comitatus

211 2691 411 2772 Campaniae
443 2713 502 2772 per
531 2691 646 2756 sedem
680 2688 889 2790 apostolicam
920 2694 1153 2776 fungebatur,
1156 2715 1250 2758 cum

211 2776 360 2854 equitum
383 2792 416 2840 et
436 2775 584 2858 peditum
606 2775 759 2840 comitiva
781 2777 948 2840 convenit.
990 2779 1152 2841 Deorum
1166 2799 1249 2842 vero
1323 2797 1324 2834 ³

211 2861 317 2926 dictus
348 2862 518 2924 iohannes
550 2873 624 2922 tum
654 2860 938 2942 pollicitationibus
967 2862 1081 2942 amplis
1109 2862 1269 2962 illectam,

213 2961 282 3010 tum
321 2945 564 3010 inductionibus
597 2959 787 3026 terroreque
824 2945 993 3022 devictus,
1039 2967 1127 3012 nec
1139 2969 1248 3012 minus

121 3077 133 3086 .
213 3029 339 3096 interea
358 3051 487 3094 morem
509 3049 637 3112 gerens,
659 3051 729 3092 non
749 3029 911 3112 propriam
934 3029 1023 3096 rest
1117 2947 1324 3113 aedauii

211 3115 422 3178 venatoribus
453 3114 650 3180 venantibus
682 3114 836 3194 praedam
868 3135 971 3178 suam.
989 3031 1324 3195 mm&

212 3199 296 3262 sicut
334 3199 490 3274 creditur,
534 3198 659 3262 dictus
676 3197 839 3264 liebertus
886 3201 1030 3268 abolevit
1067 3202 1248 3280 infamiam,
1323 3243 1324 3252 ι

213 3303 279 3362 qua
311 3283 354 3346 de
384 3285 463 3365 fuga
496 3283 621 3348 Siciliae
654 3283 787 3372 turpiter
817 3299 944 3365 poterat
974 3287 1136 3364 annotari,
1170 3305 1276 3350 tunc

202 3369 373 3448 ¹maculam
401 3367 529 3432 infamis
558 3358 773 3436 arrirotationis
801 3372 949 3446 extersit,
980 3386 1013 3434 et
1033 3369 1162 3452 regium
1185 3395 1248 3437 me·
1294 3395 1296 3402 ·

6 3437 8 3456 ’
99 3517 101 3521 ,
211 3452 276 3516 ruit
296 3453 454 3518 rehabere
476 3455 635 3527 favorem,
665 3475 765 3533 quem
788 3454 880 3522 aliter
902 3457 1093 3546 credebatur
1112 3457 1248 3520 forsitan

171 3579 177 3588 -
200 3524 404 3618 perdidisse.
448 3537 588 3618 Excepit
610 3559 687 3620 ergo
716 3552 825 3619 captos
848 3559 946 3604 saeva
968 3561 1083 3604 manus
1105 3542 1192 3623 regis
1210 3555 1254 3606 et

214 3621 281 3686 dira
304 3623 440 3703 cupido,
469 3620 658 3720 madditque
682 3643 741 3704 pro
764 3639 843 3686 voto
876 3625 924 3688 da
947 3625 1128 3688 venatione
1152 3647 1246 3705 quae·

213 3703 288 3782 alta,
318 3723 350 3772 et
372 3729 431 3790 pro
452 3707 544 3772 libito
567 3709 723 3772 vescitur·
719 3711 828 3772 rebus
830 3709 1008 3797 optatim-
1002 3729 1054 3771 -ac
1077 3711 1159 3772 dum
1182 3733 1246 3772 om-

141 3785 165 3803 ⁸*
212 3810 273 3859 net
303 3807 431 3888 reputat
459 3793 607 3862 inimicos
642 3793 677 3855 in
709 3793 792 3873 ejus
804 3771 1008 3875 potentiam
1023 3795 1092 3875 jam
1119 3797 1243 3858 conclu

211 3895 285 3958 sos,
317 3875 421 3962 jubilo
453 3878 668 3997 confunditur
694 3875 900 3966 gaudiorum.
953 3880 1001 3944 Ut
1032 3895 1143 3946 autem
1176 3879 1262 3942 sine

1149 3966 1243 4028 &atla
1322 4049 1323 4054 ἵ
