2688 4754
1031 401 1103 476 155
1133 419 1147 458 ,¹

77 583 279 676 dignissimos.
327 587 428 676 Quod
448 600 569 652 ’antem
597 587 783 672 postutasti,-
803 583 964 670 te'q'oasi
979 587 1102 672 scriptis
1149 608 1153 624 ⁸

75 676 179 760 j‘nvari·¹
204 695 239 736 ac
262 671 461 755 praemuniri
483 691 595 736 contra
615 675 748 738 illorum
768 676 948 750 insaniam,
969 674 1027 756 qui
1048 695 1112 740 neu
1154 731 1159 740 ,

76 763 164 838 fando
186 781 243 824 ore
265 759 813 840 garriunt,*auctoritatemsanctae
837 760 1034 842 apostolicae
1056 781 1112 824 sc·

77 849 116 910 dis
136 865 202 908 non
224 845 368 926 potuisse
390 849 504 926 regern
523 845 732 920 Henridum,
761 842 933 908 hominem
956 845 1104 908 Christia-
1130 889 1135 912 ι

77 954 129 996 nae
155 927 319 1012 religionis
341 929 633 1012 'conte'mptoram,·
663 931 873 994 ecclesiarum
886 927 1050 994 videlicet
1072 945 1105 993 et

75 1016 188 1098 imperii
210 1015 463 1104 destructorem,
497 1029 595 1095 atque
616 1016 857 1080 haereticorum
880 1030 1048 1078 auctorem
1071 1031 1105 1079 et

20 1129 21 1132 ¹
77 1115 322 1170 consentaneum
341 1102 639 1175 excommunicare,
660 1119 723 1164 nec
744 1119 947 1182 quemquam
970 1121 1105 1162 asama·

76 1203 175 1267 mento
195 1185 359 1250 fidelitatis
380 1186 453 1266 ejus
473 1186 665 1262 ¹absolvere,
692 1207 769 1248 non
784 1189 863 1250 ideo
882 1185 1105 1267 necessarium

75 1272 159 1336 nobis
178 1271 320 1346 videtur,
343 1287 447 1353 quum
469 1271 568 1352 hujus
589 1272 638 1334 rei
661 1286 725 1334 tarn
746 1270 850 1339 mdita
868 1289 911 1332 ac
930 1271 1124 1335 certissima,
1159 1302 1186 1326 v.

77 1359 263 1422 documenta
299 1355 335 1420 in
376 1371 539 1424 sacrarum
565 1355 822 1439 scripturorum¹
841 1356 972 1439 ,paginis
1013 1375 1105 1438 reps-

77 1458 193 1504 riantur.
262 1477 265 1493 ·
704 1491 707 1500 .
893 1479 923 1500 x.

149 1529 273 1608 Neque
293 1526 384 1593 enirn
405 1523 577 1591 credimus
599 1547 669 1602 eos,
691 1521 748 1608 qui
769 1527 812 1590 ad
833 1512 1005 1590 cnmtdnt'n
1027 1539 1106 1614 suae
1143 1549 1152 1558 ’

78 1611 293 1690 damnationis,
322 1613 451 1676 veritati
478 1613 706 1694 imprudenter
734 1613 909 1680 detrahunt
929 1628 964 1676 et
985 1627 1109 1676 contra·

78 1698 190 1780 dicunt,
224 1698 292 1765 boc
320 1699 362 1759 ad
391 1717 469 1762 suae
500 1695 702 1761 defensionis
732 1697 902 1764 audaciam
930 1715 997 1760 tant
1017 1697 1108 1778 igno·

32 1783 34 1790 “
77 1785 174 1858 tantia,
195 1801 298 1866 qoam
319 1781 458 1848 miserae
481 1779 716 1864 desperationis
734 1785 900 1858 vecordia,
922 1797 1104 1863 cooptasse.
1159 1819 1164 1835 ι
1261 1805 1265 1820 ¹

77 1871 140 1930 Nec
166 1869 304 1942 mirum3
339 1887 411 1930 mos
441 1877 493 1932 est
512 1867 603 1930 enim
624 1871 852 1949 reproborum,
882 1868 925 1930 ob
950 1885 1030 1932 suae
1052 1889 1108 1950 pe·

20 2015 22 2026 ,
78 1953 186 2032 quitiae
215 1952 457 2034 protectionem
487 1951 675 2016 consimiles
702 1951 762 2016 sibi
784 1952 982 2026 defendere,
1016 1955 1108 2032 quod

76 2059 128 2118 pro
154 2037 260 2100 nihiio
296 2037 435 2115 habent,
475 2038 640 2100 mendacii
673 2038 892 2119 perditionum
929 2037 1107 2102 incurrere.

20 2165 22 2206 3
77 2125 154 2186 Nam
173 2138 210 2184 ut
230 2124 276 2186 de
297 2123 407 2184 multis
429 2139 533 2205 pauca
556 2123 718 2197 dicamus,
744 2125 816 2202 quis
838 2124 965 2208 ignorat
985 2143 1109 2187 vocem-

20 2223 21 2226 ’
78 2205 190 2270 domini
202 2228 239 2270 ac
258 2207 426 2272 salvatoris
444 2207 546 2270 nostri
556 2209 637 2271 Jesu
657 2204 780 2270 Christi
797 2209 934 2272 dicentis
954 2209 988 2271 in
1009 2227 1112 2272 evan

78 2293 169 2373 gelior
182 2295 248 2372 ⁸„tu
262 2313 298 2354 es
312 2291 440 2368 Petrus,
463 2308 496 2356 et
510 2313 609 2374 super
621 2293 707 2354 hanc
718 2310 844 2374 petram
858 2293 1040 2357 aedificabo
1058 2313 1114 2358 ece

78 2377 198 2450 ciesiarn
220 2396 349 2451 meam,
382 2391 416 2442 et
442 2394 555 2458 portae
583 2378 680 2441 inferi
707 2397 778 2440 non
798 2375 1036 2460 praevalebunt
1058 2379 1113 2441 ad
1180 2376 1182 2378 ’

78 2483 180 2526 versus
198 2463 308 2528 eam.“
326 2463 387 2526 -Etr
409 2463 498 2540 „tibi
520 2463 606 2524 dabo
628 2465 737 2529 claves
758 2463 851 2546 regni
873 2464 1056 2538 coelorum,¹
1077 2477 1111 2526 et

78 2549 292 2629 quodcunque
313 2549 465 2632 ligaveris
488 2566 588 2629 super
609 2562 744 2624 terram,
774 2550 836 2614 erit
856 2545 992 2632 lig'atum
1022 2565 1058 2628 et,
1074 2549 1110 2610 in

78 2632 183 2710 coelis,
198 2652 239 2699 ,et
261 2633 646 2714 quodcunque'solveris
667 2651 767 2715 super
787 2644 924 2712 terram,
945 2633 1005 2698 erit
1026 2635 1135 2697 solu-1
1158 2627 1162 2640 '

23 2745 27 2754 ¹
76 2717 247 2783 tornatio
269 2717 403 2782 coelis.“
757 2723 758 2730 ’
926 2796 928 2804 Α

128 2804 318 2885 ‘Numquid
338 2804 391 2868 hic
413 2818 489 2868 sunt
510 2821 604 2886 reges
617 2804 776 2888 ‚excepti,
801 2817 946 2868 autnon
969 2819 1045 2868 sunt
1067 2806 1110 2872 ds

80 2887 204 2978 ovibus,
237 2908 319 2974 quas
347 2887 433 2954 filius
456 2889 524 2954 Dei
554 2892 653 2953 beato
682 2893 782 2956 Petro
811 2891 994 2955 commisit?
1027 2891 1110 2972 quis,
1136 2937 1139 2944 -

80 2995 161 3057 rogo,
187 2975 223 3038 in
251 2977 316 3038 hac
342 2976 498 3039 universa
530 2973 743 3040 concessione
767 2976 898 3060 ,ligandi
926 2993 1023 3057 atque
1052 2973 1113 3040 sol·
1149 2995 1154 3002 ·

81 3057 188 3136 vendi,
221 3075 422 3142 apotestate
451 3057 541 3124 Petri
570 3077 606 3124 se
635 3063 806 3124 exclusum
835 3079 908 3126 csse
930 3062 1113 3126 existimat?

81 3144 133 3206 nisi
153 3147 235 3210 forte
257 3145 373 3212 infelix
393 3146 460 3221 iiie,
482 3145 539 3226 qui
554 3145 672 3228 jugum
687 3145 814 3208 domini
834 3161 962 3228 portare
984 3141 1116 3221 nolens,

83 3227 191 3294 diaboli
219 3251 256 3294 se
286 3231 413 3312 subjicit
442 3230 551 3306 oneri,
583 3248 617 3294 et
638 3231 673 3294 in
695 3253 835 3294 numero
859 3232 973 3295 ovium
996 3229 1113 3295 Christi

83 3333 146 3378 esse
173 3329 308 3380 recusat·
353 3317 415 3380 Cui
442 3331 556 3382 tamen
585 3318 649 3378 hoc
678 3318 720 3380 ad
748 3317 900 3380 miseram
929 3317 1112 3380 libertatern

84 3399 208 3464 minime
237 3399 380 3482 proiicit,
413 3404 504 3484 quod
533 3417 728 3483 potestatem
749 3403 838 3466 Petri
869 3402 1024 3466 divinitus
1053 3402 1114 3465 sibi

85 3503 274 3560 concessam,
296 3507 315 3548 a
336 3493 477 3572 superba
498 3487 627 3550 cervice
642 3488 773 3562 excutit,
798 3489 1117 3569 quoniam,quanto
1149 3543 1151 3550 s
1251 3543 1255 3554 .

86 3587 150 3630 eam
177 3567 325 3654 quisquis
353 3593 414 3652 per
440 3571 619 3653 elationem
645 3575 730 3636 ferre
759 3576 914 3654 abnegat,
948 3587 1037 3635 tanto
1052 3576 1137 3656 dog

85 3653 142 3714 rius
169 3657 209 3717 ad
238 3658 484 3738 damnationem
513 3674 607 3719 suam
636 3658 671 3720 in
696 3655 820 3740 jndicio
847 3673 965 3738 portat.
1015 3657 1116 3738 Hanc
1183 3687 1189 3703 ,

83 3734 184 3817 itaque
206 3739 341 3806 divinae
364 3743 542 3805 voluntatis
564 3737 818 3817 institutionem,
847 3745 912 3806 hoc
933 3745 1115 3807 firmamem

87 3821 147 3884 tuni
179 3825 427 3906 dispensationis
461 3827 636 3903 ecclesiae,
660 3832 732 3891 ·hoc
762 3827 981 3912 privilegium,
1016 3831 1115 3894 Petro

87 3909 300 3986 apostolorum
323 3913 471 3994 principi,
501 3911 636 3976 coelesti
658 3916 790 3978 decreto
820 3915 1041 3996 principaliter
1060 3930 1116 3978 tra·
1173 3921 1213 3980 ,’
1295 3905 1298 3912 ’

89 3991 182 4056 ditum
205 4011 304 4078 atque
324 3999 508 4082 firmatum,
529 3999 630 4065 sancti
650 4009 757 4083 patras
779 4017 856 4064 oum
878 4019 996 4084 magna
1019 4017 1117 4098 nene·

989 4099 1115 4148 Milone
