2628 4748
240 363 316 470 sso
377 355 386 364 ’

144 635 152 641 .
174 661 177 670 ³
209 591 213 600 '
238 599 318 646 nem
346 581 463 645 sedulo
482 573 636 644 'sacrificii
661 575 724 642 ritu
745 579 964 664 peragendam
979 569 1138 659 'hortatus
1159 587 1241 650 certis-

239 667 361 730 simum
383 668 487 730 cultus
510 667 707 748 praemium,
736 679 819 727 terra
842 665 1169 746 mariqueviotoriam
1188 694 1242 752 pro·

173 749 176 754 ’
237 751 394 816 mittebat.
436 751 503 816 His
531 750 575 814 ita
598 749 749 832 peractis,
779 749 942 830 reliquum
965 749 1031 814 diei
1051 753 1152 832 plenis
1171 758 1242 818 luxu-

237 837 305 902 riae
324 835 437 918 'epulis
466 835 651 920 exigentes,
689 833 775 916 ipsas
804 833 947 896 sacrificii
976 835 1076 916 dapes
1098 837 1136 902 'in
1165 861 1242 904 usuro
1280 864 1282 873 ¹

237 921 399 996 convivii,
420 937 453 986 et
473 923 569 1005 gulae
589 913 790 984 nutrimenta
811 935 956 994 vertere,
989 937 1181 986 consecratas
1200 947 1242 988 nu-

237 1005 319 1068 mini
348 1005 494 1070 victimas
528 1003 797 1086 intemperantiae
830 1021 908 1066 suae
943 1006 1070 1070 servire
1101 1025 1241 1092 cogentes.
1284 1075 1289 1089 ,

176 1091 179 1116 ¹
236 1095 282 1158 In
314 1109 381 1170 quo
414 1093 515 1174 epulo
546 1091 753 1152 sobrietatem
781 1089 904 1152 violare
937 1087 1028 1172 pium
1062 1091 1241 1156 aestilnatum

236 1191 302 1252 est,
331 1193 462 1256 servare
489 1177 581 1238 nefas
609 1174 766 1238 habitumt
808 1175 974 1236 Nummus
997 1177 1240 1259 abunoquoque

234 1279 324 1326 mare
346 1262 402 1357 vpl
423 1262 568 1325 foemina
591 1259 757 1320 annuatim
778 1257 811 1319 in
834 1257 934 1339 hujus¹
960 1259 1241 1326 simulacrieultutn

217 1343 314 1414 ,doni
342 1343 477 1410 nomirle
506 1347 720 1427 pendebatur.
772 1342 892 1406 Eidem
926 1365 1058 1424 quoque
1085 1347 1241 1426 spoliorum

235 1449 271 1490 ao
301 1431 492 1510 praedarum
523 1427 595 1514 pars
624 1429 715 1492 tertia
742 1428 982 1507 deputabatur,
1006 1431 1143 1510 perinde
1164 1449 1240 1512 atque

140 1525 145 1530 ’
233 1515 304 1594 ejus
327 1515 486 1595 praesidio
508 1531 597 1596 parta
618 1515 816 1592 obtentaque
838 1511 983 1574 luissent.
1015 1515 1105 1576 ‘Hoc
1127 1537 1240 1604 quoque

132 1612 135 1622 ’
231 1619 358 1662 numen
380 1613 541 1663 trecentos
564 1617 667 1679 equos
690 1597 884 1678 descriptos,
918 1599 1120 1680 totidemque
1148 1603 1239 1664 satelli-

233 1697 281 1756 tes
310 1683 346 1744 in
373 1683 419 1748 eis
448 1684 622 1766 militantes
651 1682 804 1745 habebat:
822 1703 978 1762 ,quorum
998 1699 1104 1748 otnne
1125 1686 1239 1762 lucrum,

232 1788 292 1831 seu
315 1771 428 1848 arinis,
460 1790 520 1832 seu
547 1771 636 1830 furto·
661 1767 860 1846 quaesitum,
893 1768 1065 1830 sacerdotis
1096 1771 1239 1834 custodiae

232 1852 461 1916 subdebatui.'
488 1855 556 1942 Qui
588 1873 629 1916 ex
662 1873 775 1914 earum
806 1871 916 1914 rerum
948 1853 1109 1916 manubiis
1140 1854 1238 1918 diversi
1272 1873 1276 1881 ¹

147 1952 151 2000 3
218 1939 359 2020 »generis
381 1936 518 2020 iusigiria
540 1929 576 1999 ai
598 1935 686 1998 varia
708 1937 903 2018 templorum
932 1955 1123 2015 ornamenta
1144 1943 1238 2001 oonlla·

230 2027 299 2093 bat,
333 2043 438 2100 eaque
467 2021 621 2084 obseratis
654 2041 797 2082 arcarum
830 2021 971 2083 claustris
1004 2025 1188 2084 mandabat:
1212 2026 1238 2085 in

162 2109 164 2112 ’
191 2123 194 2132 ’
230 2107 361 2188 quibus,
384 2125 511 2188 praeter
533 2107 751 2168 abundantem
774 2105 964 2186 pecuniam,
994 2109 1095 2168 multa
1117 2129 1238 2192 purpura

229 2205 389 2255 vetustate
411 2213 509 2256 exesa
531 2206 684 2288 congesta
704 2191 818 2253 fuerat.
869 2191 939 2252 lllic
961 2213 1096 2271 quoque
1118 2193 1237 2274 publico·

108 2275 114 2282 “
151 2331 156 2337 .
186 2275 189 2284 ’
213 2281 300 2338 ωτι]
323 2295 497 2340 munerum
527 2297 563 2340 ao
581 2290 791 2356 »privatorum
818 2275 933 2356 ingens
962 2277 1055 2358 eopia
1083 2279 1237 2354 visebatur,

228 2361 377 2423 studiosis
401 2361 557 2426 beneficia
580 2360 785 2442 poscentium
807 2361 891 2421 votis
912 2363 1058 2446 collata„
1083 2365 1179 2426 Hanc
1196 2363 1236 2424 iu·

156 2501 158 2511 ,
227 2465 292 2527 que
315 2463 461 2522 statuam,
484 2442 579 2508 totius
598 2445 744 2508 Selaviae
761 2443 972 2526 pensionibus
990 2447 1119 2522 cultam,
1130 2445 1237 2510 finitimi

226 2551 360 2612 quoque
388 2551 491 2613 reges,
522 2553 592 2593 non
622 2533 744 2611 absque
777 2529 932 2610 sacrilegii
957 2547 1124 2612 respectu,
1158 2533 1235 2594 donis

181 2627 191 2636 '
224 2609 515 2700 prosequebantur.
560 2618 669 2703 Quam
698 2616 782 2698 inter
808 2631 952 2677 caeteros
979 2618 1075 2700 etiam
1105 2636 1162 2680 rex
1182 2617 1235 2678 Da·

223 2723 360 2776 norum,
390 2701 516 2776 Sueuo,
543 2701 737 2783 propitiandi
758 2701 872 2795 gratia,
892 2693 1051 2780 ‘exquisiti
1072 2705 1173 2764 cultus
1191 2721 1234 2782 po
1269 2733 1271 2744 =

224 2789 298 2850 culo
321 2802 495 2850 veneratus
518 2802 582 2860 est,
616 2785 817 2868 alienigenae
846 2783 1009 2864 religionis
1031 2787 1170 2848 studium
1191 2787 1233 2846 do

193 2937 196 2941 ,
222 2873 376 2935 mesticae
397 2869 628 2952 praeferendis:
644 2948 648 2952 ⁵
664 2869 756 2950 ¹cujus
784 2872 994 2950 postmodum
1022 2869 1174 2954 sacrilegii
1198 2870 1232 2931 in·

221 2955 308 3020 felici
330 2977 456 3020 carcere
479 2964 601 3038 Poenas
609 2953 789 3059 persolvit.
812 2953 893 3018 Alia
915 2973 1047 3034 quoque
1068 2955 1143 3018 fana
1163 2974 1231 3018 oom-

221 3029 366 3126 pluribus
395 3042 428 3110 in
457 3041 535 3118 locis
564 3041 627 3120 hoe
656 3051 781 3102 numen
804 3037 959 3108 habeba't,
992 3060 1075 3118 quae
1099 3045 1156 3122 per
1174 3061 1232 3120 sup·

204 3126 304 3210 ,paris
326 3125 485 3208 dignitatis
508 3147 544 3188 ao
565 3124 714 3186 minoris·
730 3124 895 3206 potentiae
921 3125 1068 3188 flamines
1097 3127 1233 3210 regeban-

220 3233 279 3276 tur.
335 3215 507 3274 Pra'eterea
536 3209 736 3292 peculiarem
765 3208 827 3270 albi
856 3210 974 3286 eoloris
1003 3229 1127 3290 equum
1153 3209 1229 3272 titulo
1288 3231 1289 3234 ¹

176 3376 181 3382 ν
219 3286 415 3380 possidebat,
437 3297 538 3377 cujus*
548 3297 647 3377 jubae
670 3310 723 3356 aut
742 3295 866 3384 'caudae
883 3293 968 3378 pilos
987 3295 1176 3362 convellere
1186 3315 1231 3356 ne·

217 3384 334 3445 larium
358 3383 544 3460 ducebatur.
586 3379 694 3442 Hune
712 3379 772 3440 soli
793 3377 952 3440 sacerdoti
973 3379 1143 3464 pascendi,
1164 3377 1230 3441 insi·

180 3460 385 3546 '·dendique
403 3467 456 3546 jus
486 3481 568 3540 erat,
597 3485 641 3528 ne
669 3463 772 3526 divini
800 3461 945 3526 animalis
973 3483 1076 3538 usus„
1098 3462 1162 3544 quo
1183 3464 1253 3526 fre·x

112 3536 126 3553 ⁹
217 3551 384 3634 quebtior,
406 3543 804 3628 hoo'vilior,'haberetur.
845 3549 891 3611 In
913 3547 1102 3628 hooequo,
1123 3548 1229 3632 opinio

216 3652 260 3702 ne
282 3635 426 3718 Rugiae',
448 3637 656 3698 Suantovitus
679 3635 726 3710 (id
749 3630 920 3712 simulacro
943 3635 1229 3717 vocabulumerat]

215 3725 392 3786 adversum
416 3739 577 3782 sacrorum
600 3733 742 3780 suorum‘
756 3719 876 3792 hostes,
890 3716 974 3797 bella
995 3721 1108 3800 gerere
1133 3718 1227 3783 o'rede·

115 3797 116 3803 ἵ
214 3811 316 3874 batur.
345 3804 482 3892 ,Cujus
510 3805 567 3887 'rei
596 3803 814 3886 ,praecipuum
848 3821 1074 3883 argumentum
1106 3807 1227 3874 extabat,

136 3909 174 3938 -”
213 3896 304 3977 quod
326 3889 351 3954 is
372 3899 533 3952 nocturno
556 3905 703 3970 tempore
724 3888 851 3950 stabulo
873 3887 1040 3976 insistens-¹,
1074 3891 1160 3954 adeo
1174 3889 1227 3968 ple·

213 3989 360 4062 rumque·
374 3976 479 4043 marie·
494 3975 614 4042 sudore
635 3985 672 4039 ac
691 3972 762 4056 lut‘o
782 3973 948 4058 respersus
972 3973 1153 4070 videbatur,
1175 3989 1227 4032 tan·

215 4090 219 4097 “
579 4069 582 4076 “
948 4082 960 4091 ”
1071 4081 1073 4088 “
1142 4075 1226 4140 quam

1139 4303 1181 4352 ,κ-
