2628 4748
224 399 308 472 282³

205 581 319 650 ‘tantis
341 577 558 646 attritionibus
579 581 687 659 iarius,
700 579 788 646 inter
808 599 866 644 eos
883 577 1171 662 regalis'decocnrs
1189 603 1259 644 con-

223 669 405 750 quieverat.
470 670 572 732 Unde
600 665 704 748 qu'em
729 673 762 732 et
789 681 1006 750 proventum,
1038 681 1259 730 ereremum

222 753 306 817 haec
335 770 471 842 quoque
492 757 701 818 Damascena
729 757 838 816 sortita
860 751 961 816 luent
980 750 1155 832 expeditio.
1175 751 1259 828 alias,

222 853 257 902 et
278 839 419 904 fortassis
442 842 482 902 ab
505 839 590 914 aliis,
624 839 762 902 dicenda
784 839 889 903 erunt.
932 835 1179 916 Expletavero
1201 837 1259 900 hac

223 924 453 1007 expeditione,
493 923 654 1006 principes
690 925 730 1018 pd
750 921 892 1006 propria
924 920 1030 984 redire
1054 920 1258 1004 .disponunt;

222 1011 395 1072 Romanus
416 1007 553 1092 quidem
575 1029 634 1092 per
657 1009 843 1081 Graeciam,
880 1007 960 1070 alter
986 1027 1068 1070 vero
1091 1026 1150 1090 per
1173 1009 1259 1071 Cala·

182 1163 185 1170 ,
221 1093 325 1159 briam
356 1107 392 1159 et
426 1093 599 1176 Apuliam.
664 1097 782 1174 Itaque
821 1093 992 1164 conradus
1031 1091 1259 1154 Romanorum

131 1186 137 1210 ·’
220 1179 372 1264 princeps
400 1199 504 1242 naves
533 1179 619 1261 apud
647 1177 887 1243 ptolemaidam
915 1177 1097 1260 ingressus,
1132 1199 1170 1240 ac
1202 1198 1260 1260 per

163 1277 174 1310 ³
221 1283 347 1344 aequor
367 1265 536 1346 navigans,
555 1265 686 1328 fratrem
709 1277 743 1327 et
764 1265 904 1326 amicum
927 1280 1025 1324 suum
1043 1263 1193 1336 Manuel,
1215 1285 1277 1326 re·-

40 1337 43 1346 ’
78 1380 81 1394 ·
136 1385 139 1398 ·
186 1427 189 1434 Δ
221 1347 294 1436 giae
315 1349 403 1412 urbis
419 1348 623 1447 principem,
655 1350 690 1411 in
712 1349 862 1430 Achajae
891 1369 951 1412 seu
970 1347 1163 1410 Thessaliae
1192 1347 1258 1409 fini·

221 1433 282 1496 bus
312 1433 505 1507 invemens,
524 1435 739 1510 'adiit,>cum
763 1453 877 1514 eoque
906 1449 1060 1512 tanquam
1089 1455 1131 1496 ex
1159 1435 1260 1516 longa

221 1518 274 1584 vta
296 1507 475 1602 sanguiue„
492 1519 723 1600 laboribusque
744 1520 878 1592 fractus,
911 1533 943 1581 et
964 1537 1033 1580 non
1062 1517 1194 1584 modica
1215 1521 1257 1579 iu·

141 1673 145 1678 ,
220 1603 369 1672 firmitate
391 1619 567 1686 correptus,
589 1625 650 1686 per
671 1605 803 1684 aliquod
826 1603 982 1685 temporis
1005 1602 1143 1685 spatium
1169 1603 1256 1690 quie·

118 1728 127 1737 -
220 1689 278 1750 vit.
323 1689 377 1750 Ibi
398 1691 440 1752 de
462 1689 568 1752 reditu
591 1689 761 1762 ordinans,
788 1690 990 1751 Fridericu'm
1013 1693 1132 1750 ducem
1154 1689 1256 1752 fratr-is

219 1773 269 1836 sui
291 1768 413 1849 lilium,
436 1775 476 1836 ad
499 1777 783 1855 cognoscendum,
813 1776 867 1836 vel
890 1773 1014 1854 potius,
1044 1775 1084 1835 ad
1108 1779 1256 1835 corrobo·
1305 1799 1307 1806 ·

218 1860 357 1920 randum
379 1857 506 1940 imperii
528 1874 646 1921 statum
668 1857 842 1944 praemisit.
887 1858 955 1948 Qui
983 1879 1043 1942 per
1068 1859 1255 1940 Bulgariam

139 1981 141 1988 ,
217 1943 492 2023 Pannoniamque
522 1945 583 2006 iter
610 1942 752 2019 faciens,
786 1945 901 2008 ariense
923 1941 1033 2024 Aprili
1061 1945 1101 2005 ad
1126 1945 1256 2026 propria

31 2023 57 2066 ’·
145 2035 151 2050 ’
218 2025 335 2101 rediit,
358 2013 477 2100 etiilic
499 2029 659 2108 quosdam
678 2029 722 2090 'ex
745 2029 883 2111 propriis
906 2028 1262 2105 ministerialibussuis'

183 2114 185 2117 ’
216 2133 277 2193 pro
298 2114 389 2175 bono
411 2112 508 2194 pacis,
532 2113 610 2175 boni
628 2113 746 2192 judicis
768 2134 924 2176 exercens
944 2113 1099 2188 officium,
1122 2131 1254 2196 suspen·
1306 2127 1307 2142 ¹

216 2191 272 2258 dio
294 2191 460 2278 peremit*
476 2199 580 2259 Porro
601 2203 734 2282 patruus
757 2217 835 2274 suus
857 2221 925 2275 rex,
948 2198 1110 2262 transactis
1132 2199 1255 2280 aliquot

217 2283 335 2362 quibus
367 2281 402 2344 in
437 2283 573 2346 Graecia
605 2282 775 2364 quieverat
807 2283 1107 2366 diebusslhabens
1140 2291 1254 2346 secum

122 2373 125 2380 ’
216 2365 419 2449 praedictum
453 2367 667 2432 Basiliensenr
707 2369 915 2450 episcopum,
957 2385 991 2434 et
1024 2367 1252 2432 cancellarium

214 2451 423 2528 Arnaldum,
458 2455 657 2534 fratremque
679 2473 777 2516 suum
800 2455 998 2518 Noricorum
1019 2455 1139 2516 ducem
1161 2455 1252 2518 Hen-

216 2536 318 2598 ricum
343 2541 437 2612 (nam
460 2539 582 2600 Guelfo
606 2542 673 2602 dux
695 2559 755 2622 per
775 2535 958 2602 Calabriam
980 2553 1014 2601 et
1028 2539 1191 2620 Apuliam
1210 2561 1252 2603 re·

214 2637 330 2684 versus
352 2619 474 2700 fuerat)
489 2629 555 2703 'per
576 2625 755 2706 Illyricum,
778 2625 1066 2706 Dalmaticumque
1088 2623 1248 2708 remigans

216 2727 356 2786 aequor,
392 2707 434 2768 in
455 2706 590 2789 propriis
618 2707 747 2790 imperii
778 2710 829 2770 sui
861 2709 1008 2786 finibus,
1024 2709 1111 2791 apud
1133 2710 1250 2775 Polam
1304 2771 1305 2782 ,

206 2792 358 2856 Histriae
380 2792 542 2856 civitatem
567 2795 735 2876 applicuit,
767 2793 879 2875 ibique
909 2792 1069 2876 sonipede
1091 2793 1248 2870 insidens,
1304 2801 1305 2826 ³

130 2905 133 2914 ⁴
214 2897 250 2938 ac
282 2897 343 2959 per
374 2877 566 2959 Aquilejarn
601 2881 756 2942 transiens
788 2880 823 2940 iu
854 2879 996 2947 Juvavia
1030 2884 1132 2960 (quae
1161 2899 1248 2942 nunc

211 2963 422 3045 Saltzeburga
452 2963 537 3025 dicta
554 2963 733 3044 ,Bajoariae
766 2965 1016 3046 metropolitana
1046 2965 1144 3028 sedes
1178 2985 1247 3028 esse

140 3105 142 3112 .
212 3048 377 3128 noscitur)
407 3063 623 3130 pentecosten
645 3049 839 3124 celebravit,
869 3049 1006 3132 expletis
1028 3051 1067 3111 ab
1091 3055 1151 3125 eo',
1183 3071 1245 3130 quo

210 3132 299 3214 idem
328 3134 447 3196 festum
478 3134 512 3195 in
535 3133 727 3198 Pannoniae
756 3134 876 3196 finibus
899 3141 1017 3215 egerat,
1042 3135 1175 3197 duobus
1198 3155 1246 3198 au-

126 3234 129 3242 *
200 3215 272 3279 nis.
315 3219 402 3281 Inde
424 3218 636 3301 Ratisponae,
658 3221 739 3280 cum'
754 3239 873 3302 magna
893 3219 1077 3302 principum
1096 3210 1246 3302 frequen·

211 3301 254 3364 tia
276 3304 397 3393 curiam
419 3303 605 3369 celebravit.
1015 3333 1018 3342 ¹

588 3439 592 3446 t
1009 3421 1019 3446 Ι

297 3475 335 3536 C.
377 3473 485 3558 Igitur
504 3495 562 3540 rex
586 3475 626 3538 ad
647 3475 763 3538 urbem
786 3458 936 3550 tendens,
958 3471 1039 3537 circa
1056 3468 1245 3542 Viterliium

211 3569 461 3625 castrametatur.
505 3561 582 3647 Quo
614 3563 785 3622 Romanus
807 3559 956 3634 Anticles
979 3555 1148 3623 Adrianus
1172 3583 1244 3624 cum
1302 3609 1303 3616 κ

81 3657 83 3664 ’
174 3653 176 3656 ’
211 3635 425 3722 cardinalibus
448 3645 513 3707 suis
536 3644 692 3720 veniens,
714 3644 903 3710 'ex’debito
926 3643 1025 3706 officii
1046 3644 1096 3707 sui
1116 3643 1244 3708 honori·

168 3806 170 3814 Ι
210 3729 273 3794 rice
296 3730 481 3811 suscipitur,
505 3721 671 3812 grauique,
686 3731 842 3794 adversus
871 3731 1032 3812 populum
1052 3749 1150 3792 sumn
1175 3751 1243 3792 con·

212 3813 388 3906 questione
415 3824 528 3891 utens,
563 3831 754 3906 rqverenter
781 3816 909 3878 auditus
938 3830 997 3878 est.
1056 3811 1242 3878 Praedictus

136 3928 149 3946 ν
211 3901 300 3964 enim
335 3901 488 3982 populus,
521 3921 562 3964 ex
595 3921 662 3980 quo
690 3915 879 3962 senatorum
907 3900 1055 3980 ordinem
1083 3903 1242 3963 renovare

210 3985 342 4096 studuit,
364 3985 472 4074 mulus
493 3985 585 4050 malis
607 3985 779 4070 pontifices
800 4003 878 4050 suos
896 3985 1241 4073 affligeretemeritatis

1163 4090 1240 4135 ausu
