2664 4754
218 365 297 467 454

223 571 260 622 ιε
288 565 366 619 tunc
394 548 523 636 erigens
543 547 778 634 imperterritus
798 547 1005 649 inpublicop
1037 555 1260 638 ostendense

223 653 335 704 contra
360 637 468 704 literas
496 637 628 722 papales
663 638 815 714 bullatas,
850 658 934 716 quae
966 637 1166 704 videbantur
1194 641 1262 720 jam

223 725 314 793 dictis
338 723 483 786 obviare.
546 721 791 786 Verumtamen
813 721 987 804 diligenter
1007 721 1158 808 inspecto
1181 741 1261 786 utra·

223 830 365 890 rumque
388 823 519 882 tenore,
542 825 643 888 quem
665 807 803 890 longum
825 821 912 870 esset
932 807 969 868 in
988 801 1197 892 hoc·scripto
1222 807 1262 872 di·

171 945 174 954 .
221 893 366 958 lucidare
395 889 427 956 et
456 889 584 974 plenius
614 891 856 967 demonstrare,
877 913 946 954 non
968 893 1029 954 sibi
1050 893 1262 958 adinvicem

222 977 487 1044 contradictoriae
521 977 777 1048 aversabantur;
821 995 898 1038 cum
936 980 1067 1062 papales
1100 979 1261 1062 epistolae

222 1063 459 1130 conditionales
479 1059 634 1136 luissent,
651 1061 889 1142 ,imperatoriae
911 1083 991 1126 vero
1014 1063 1204 1154 absolutae:
1232 1081 1261 1128 et

222 1143 379 1234 'apparuit¹
401 1147 503 1210 laesio
533 1143 615 1210 fidei
646 1145 816 1208 manifeste
850 1156 892 1212 εἳ
923 1164 1014 1230 parte
1045 1147 1260 1232 imperatoris,

223 1235 378 1318 quicum
400 1233 516 1296 omnia
537 1229 685 1294 absolute
706 1231 915 1312 promiserat,
949 1252 1013 1298 nec
1036 1233 1114 1299 inde
1140 1235 1263 1315 aliquid

223 1315 406 1397 ‘secundum
428 1313 586 1398 promissa
608 1307 841 1396 compleverit.
869 1315 928 1380 Ad
950 1317 1042 1398 quod
1058 1316 1261 1404 Thaddaeus

176 1442 179 1456 ι
203 1403 398 1488 diligenter
419 1419 452 1466 et
472 1399 706 1486 multipliciter,
728 1401 914 1464 secundum
934 1401 1048 1468 saltem
1065 1421 1261 1487 apparentes

224 1491 377 1564 rationes,
400 1487 562 1552 nitebatur
581 1485 794 1566 respondere,
813 1484 985 1560 dominum
1007 1507 1103 1565 suum
1125 1487 1262 1570 impera·

223 1592 329 1639 torem
360 1572 568 1659 excusand03
609 1569 735 1662 literas¹
757 1569 834 1634 alias
881 1593 924 1634 ex
956 1571 1094 1638 adverso
1126 1577 1260 1659 papales

179 1675 183 1682 ’
221 1659 418 1734 ostendens,
451 1671 669 1732 maererent,
691 1657 783 1736 quod
804 1655 840 1718 in
861 1656 908 1721 eis
930 1654 1172 1736 continebatur}
1194 1681 1258 1722 non

223 1746 324 1828 sitisse
346 1747 572 1806 observatum:
600 1741 691 1804 unde
713 1739 887 1805 dominum
910 1762 1007 1810 suum
1026 1735 1258 1826 imperatorem

223 1831 290 1894 suis
320 1827 483 1910 promissis
512 1847 625 1908 parere
653 1846 723 1887 non
752 1826 916 1892 debuisse.
956 1827 1017 1892 Ad
1044 1827 1109 1892 hoc
1140 1847 1259 1908 autem,

184 1911 187 1930 '
223 1915 315 1996 quod
343 1915 385 1978 de
415 1911 542 1976 haeresi
573 1909 726 1974 dominus
754 1910 929 1999 imperator
949 1918 1185 1994 'accusabatur,
1218 1938 1258 1980 re-

223 1996 372 2082 spondit,
404 1995 579 2078 respiciens
607 2014 723 2057 omnes
750 1993 875 2063 ibidem
906 2017 1137 2082 congregatos,
1173 1999 1258 2082 quasi

126 2119 134 2130 ,
223 2103 339 2148 omnes
362 2083 549 2160 alloquens:
570 2079 697 2152 domini
718 2079 802 2156 mei,
822 2097 922 2164 super
942 2081 1003 2146 isto
1026 2083 1187 2184 articplo,
1209 2085 1258 2166 qui
1314 2153 1315 2164 χ

222 2185 272 2234 est
298 2165 524 2256 gravissimus,
551 2185 622 2228 non
648 2163 849 2253 possittquis
876 2165 1056 2245 certificari,
1083 2173 1149 2246 nisi
1179 2188 1258 2234 esset

223 2253 377 2324 dominus
401 2269 493 2313 meus
514 2247 691 2332 imperator
711 2246 882 2332 piaesens3
919 2257 955 2316 u't
983 2275 1025 2318 ex
1054 2257 1117 2318 oris
1142 2259 1197 2321 sui
1220 2278 1257 2318 as·
1289 2301 1293 2311 .

140 2363 146 2406 t,
185 2369 188 2380 =
221 2337 365 2412 senione
386 2335 459 2402 elici
480 2335 591 2417 possit,
613 2333 704 2414 quod
724 2335 760 2399 in
781 2335 885 2398 cordis
908 2335 957 2400 sui
978 2339 1056 2405 latet
1075 2341 1256 2404 secretario.

160 2501 167 2508 .
221 2422 288 2488 Sed
317 2424 407 2502 quod
435 2441 505 2484 non
533 2417 572 2484 sit
600 2419 799 2500 haereticus,
827 2421 994 2502 probabile
1017 2439 1126 2510 potest
1149 2425 1257 2508 baberi
1294 2488 1298 2499 ,

220 2523 461 2591 argumentum.
502 2507 584 2568 Non
610 2505 700 2568 enim
728 2505 763 2566 in
791 2503 947 2588 imperio,
975 2511 1031 2572 vel
1051 2511 1164 2592 regnis
1187 2513 1255 2586 suis,

221 2593 365 2674 aliquem
394 2589 576 2654 usurarium
603 2589 747 2654 habitare
775 2590 951 2740 permittith·
982 2597 1027 2656 In
1047 2595 1112 2659 hoc
1135 2597 1253 2660 curiam

220 2679 406 2756 Romanam
429 2673 637 2756 redarguens,
659 2695 758 2756 quam
781 2693 907 2758 constat
950 2697 989 2764 oc
1010 2677 1091 2744 vitio
1114 2681 1253 2745 maxime

219 2763 433 2826 laborantem.
477 2761 537 2824 Aa
568 2759 633 2820 hoc
669 2756 790 2838 autem,
822 2763 912 2840 quod
947 2763 1113 2844 objectum
1141 2767 1253 2842 fuerat·
1313 2777 1314 2784 ’

220 2849 313 2928 quod
354 2849 532 2928 imperator
571 2843 748 2926 specialem
770 2846 891 2920 ',¹habet
934 2849 1189 2916 familiaritatem
1225 2869 1253 2916 et
1313 2879 1314 2918 t

219 2949 402 3014 suspectam
430 2927 526 2993 nimis
557 2929 807 3012 cumeoldano
828 2933 1049 3014 Babyloniae,
1069 2953 1104 3008 et
1127 2937 1251 3025 quibus
1313 2929 1314 2972 ἶ

219 3017 295 3079 dam
319 3015 387 3079 aliis
408 3005 601 3089 Sarracbnis,
631 3034 713 3096 quos
737 3031 854 3078 terram
876 3035 969 3080 suam
991 3021 1148 3100 permittit
1168 3023 1251 3084 inha-
1313 3017 1314 3092 i

218 3101 338 3176 bitare,
360 3100 530 3183 respondit
549 3091 767 3168 Thaddaens:
788 3095 855 3162 lroc
877 3101 962 3166 ultro
984 3105 1107 3168 factum
1130 3121 1167 3172 et
1188 3129 1250 3188 pru·
1313 3111 1314 3180 i

163 3227 167 3240 ·
218 3187 334 3252 denter
356 3207 445 3258 esser
467 3187 508 3250 ati
529 3183 745 3254 rebellionem
771 3185 893 3251 scilicet
915 3191 1134 3271 quorundam,
1159 3207 1194 3258 et
1212 3193 1249 3254 in·
1313 3183 1314 3198 ¹

217 3273 404 3343 rolentiam,
421 3260 661 3353 reprimendam
690 3269 749 3334 sibi
767 3269 842 3352 jure
864 3273 1086 3352 subditorum,
1119 3292 1155 3341 et
1177 3277 1249 3342 sedi·

191 3353 352 3430 itionem,
365 3357 621 3440 eripurgandam.
645 3348 774 3441 ¹‚U,titu‘r
796 3355 885 3418 enim
906 3355 983 3439 ipsis
1011 3357 1043 3422 in
1075 3364 1257 3446 expeditio:

144 3498 148 3508 ,
215 3439 330 3516 nibus,
354 3439 510 3521 'quorum
539 3461 609 3504 non
624 3439 783 3533 lpes'tim'at
811 3438 936 3532 casnm,'
954 3442 1049 3508 alicui
1061 3506 1063 3516 ,
1077 3446 1249 3522 christiano

140 3600 142 3606 Ι
215 3519 470 3606 deplorandum,
510 3537 558 3598 et,
576 3518 752 3606 sicparcit
786 3525 967 3592 christiano
994 3519 1178 3614 sanguinis.
1210 3552 1247 3596 ne

213 3607 330 3674 frustra
352 3609 557 3673 effundatur:
580 3607 851 3692 Mulierculatum
871 3611 982 3697 itaque
1005 3609 1248 3682 S'arra'cenarum

213 3709 283 3762 non
306 3693 405 3756 utitur
426 3694 616 3768 concubitui
638 3709 671 3759 et
692 3695 771 3776 quis‘
785 3693 850 3757 hoc
870 3713 983 3780 posset
1003 3703 1166 3782 probare?
1194 3691 1264 3765 sed¹

210 3775 426 3856 ioculatione,
465 3795 499 3842 et
530 3764 725 3860 quibusdam
747 3771 884 3866 artificiis
906 3771 1139 3867 niuliebiibus,
1162 3771 1249 3870 'quas‘

105 3877 108 3884 ¹
210 3859 297 3941 jam,
322 3861 399 3943 qnia
426 3860 606 3946 suspectas,
635 3861 760 3928 amovit
780 3863 976 3932 inedituras.
1019 3869 1118 3940 Haeo
1141 3890 1246 3939 autem

175 3941 179 3952 '
204 3947 289 4058 'pum
309 3947 514 4051 ssaccapt
529 3948 628 4016 -dictr
654 3952 936 4042 consummasset,'
964 3951 1172 4048 supplicarit
1194 3959 1247 4020 hu·

299 4046 301 4055 ’
769 4039 774 4051 ’
1062 4031 1091 4046 ’“
1130 4032 1246 4106 militer
1312 4083 1313 4120 ἦ
