2628 4748
891 413 917 429 ,,
975 305 1082 455 ἰιι
1173 321 1174 329 ‘

55 521 166 615 jectam
187 515 315 589 tantum
336 536 370 588 et
390 535 552 622 asperam
558 521 649 590 ferre
665 493 941 599 consueverunt,
958 531 1084 609 Taliter
1106 563 1119 590 ,-
1150 579 1151 582 ,
1197 599 1200 606 k

57 617 136 678 intus
159 628 191 674 et
212 609 320 672 foris
298 609 464 700 instructi,
488 630 524 674 ac
523 631 606 692 per
626 625 730 690 totum
749 627 905 676 terrarum
924 617 1094 682 ambitum
1124 646 1128 654 ·
1182 629 1185 634 “
1226 621 1232 628 ”

57 697 145 764 fertili
167 697 363 793 copiosaque
386 695 574 792 propagine,
604 695 718 758 merito
747 711 780 758 et
801 718 941 762 numero
970 703 1004 770 ιιι
1026 705 1083 766 im

57 802 201 846 mensum
224 782 262 842 in
280 781 373 844 brevi
395 775 606 860 multiplicati,
628 779 728 861 signis
751 781 885 858 radiant,
909 783 1105 860 virtutibus·
1157 777 1161 791 ¹

57 865 234 940 coruscant,
265 865 379 928 divina
400 865 604 944 revelatione
626 865 755 963 saepius
778 862 1007 964 sublevantur,
1030 896 1084 936 an

18 1019 23 1028 ,
55 954 150 1036 gelica
172 969 206 1012 et
227 951 420 1029 daemonipa
441 951 568 1026 visione
590 949 624 1011 in
647 952 737 1020 exitu
758 950 845 1015 vitae
873 957 987 1018 crebro
1009 979 1085 1022 con
1146 960 1165 980 ²

56 1040 202 1116 solantur.
246 1035 402 1098 Infirmus
426 1050 548 1109 curant,
570 1023 748 1098 daemones
769 1035 902 1136 fugant,
923 1041 1084 1110 coelestis·
1095 1116 1112 1128 l
1164 1035 1172 1078 ι·
1222 1037 1252 1120 ’,

56 1145 114 1204 que
131 1119 253 1202 patriae
271 1119 491 1198 dulcedinem,
515 1135 673 1228 quantum
691 1120 725 1180 in
743 1123 905 1204 praesenti
922 1124 1007 1204 licet,
1048 1149 1085 1194 er

52 1205 361 1290 contemplationem
384 1209 550 1268 interdum
566 1194 794 1288 praegustant,
817 1221 926 1306 atque
954 1213 997 1274 oli
1020 1149 1086 1281 iios

55 1292 200 1390 quamvis
218 1292 383 1354 laboribus
403 1290 506 1374 attriti,
529 1291 648 1372 vigiliis
672 1289 836 1365 exinaniti,
855 1293 989 1378 jejuniis
1010 1315 1098 1362 atte‘
1131 1357 1134 1364 .

52 1378 135 1442 nuati
154 1377 234 1450 sint,
257 1393 348 1439 more
371 1376 564 1450 cicadarum,
584 1395 670 1456 quae
687 1373 858 1440 famelicae
875 1379 949 1461 plus
967 1381 1087 1462 grillire
1148 1426 1153 1436 ι

54 1466 162 1526 solent.
193 1475 297 1522 totam
321 1481 408 1542 pene
437 1475 569 1525 noctem
596 1459 632 1522 in
646 1454 787 1542 psalmis
813 1477 847 1526 et
869 1465 1031 1544 hymnis,·
1052 1485 1085 1533 et

53 1548 174 1612 cantius
202 1546 423 1628 spiritualibus
453 1544 645 1628 pervigilem
675 1546 817 1608 ιιιιιιιιιι..
863 1549 1005 1614 Manent
1032 1573 1086 1618 au

53 1653 124 1712 tem,
154 1631 241 1696 sicut
274 1631 395 1696 olim
371 1649 424 1692 -rn
450 1631 619 1714 Aegypto,
652 1628 696 1692 sic
723 1643 757 1696 et
782 1651 872 1696 nurtc
899 1633 936 1696 ιιι
959 1639 1087 1706 Galliae
1139 1655 1142 1664 ¹
1174 1593 1192 1648 '¹
1235 1687 1242 1710 ,

54 1717 320 1818 Germaniaeque
349 1717 493 1800 partibus
523 1714 749 1796 abundantius,
783 1733 827 1780 ιιι
851 1718 887 1782 in
908 1719 987 1783 hoc.
995 1723 1086 1786 haud
1139 1759 1142 1766 ,

52 1804 174 1878 mireris
191 1803 378 1888 potentiae,
412 1822 472 1866 seu
502 1801 680 1882 sapientiae
707 1804 747 1864 ab
770 1801 907 1868 Oriente
930 1807 969 1867 'ad
994 1809 1087 1878 Osci·

52 1889 180 1954 dentem
203 1889 460 1966 translationem,
482 1907 559 1949 eum
582 1889 624 1950 de
646 1886 805 1967 religione
827 1888 953 1954 itidem
947 1895 1085 1956 iactum

52 1975 176 2040 eniteat.
230 1976 292 2039 Est
319 1990 487 2057 praeterea
517 1971 691 2036 diversis
681 1993 716 2032 ιιι
744 1973 823 2036 locis
852 1977 892 2037 ad
920 1973 1084 2078 singulare

39 2079 210 2159 *certarnen
223 2059 447 2158 ’specialiter‘
438 2073 630 2122 instructum
653 2057 936 2137 anachoretarum,
958 2079 991 2126 et
1013 2064 1087 2128 soli·

50 2147 203 2212 rariorum
222 2145 259 2208 in
281 2165 404 2227 genere
431 2145 554 2225 optimo
577 2162 707 2224 pugnae
730 2159 876 2209 sanctum
893 2107 1085 2229 crillegiur'n,
1107 2189 1134 2232 4

50 2231 245 2296 inmumero
268 2231 403 2324 quidem
425 2230 542 2303 rarius,
574 2227 661 2290 vitae
684 2247 764 2290 vero
788 2230 970 2296 austeritate
993 2255 1087 2314 supe
1157 2255 1160 2258 ·
1202 2253 1206 2261 “

49 2317 182 2382 rioribus
204 2317 267 2384 vel
289 2327 406 2396 aequal
407 2338 436 2390 e,
395 2316 514 2377 ivel
535 2312 758 2379 eminentius.
784 2313 935 2414 Quorum
954 2317 1007 2379 alii
1024 2319 1087 2381 sub
1110 2359 1112 2362 -
1180 2337 1188 2344 ·

50 2403 158 2468 Priore
182 2401 388 2484 degentes,
370 2423 415 2464 ‚tn
437 2399 570 2466 remotis
593 2413 626 2460 et
648 2395 762 2462 abditis
783 2398 863 2460 lucis
881 2400 1049 2482 ,singuli'
1025 2422 1097 2464 sut-e

49 2489 135 2568 gulas
163 2475 267 2563 cellas
296 2488 389 2551 velut
415 2484 587 2572 sepulchra
613 2464 808 2556 inhabitant,
841 2485 993 2566 operibus
1021 2507 1092 2566 mat

49 2594 161 2652 ιιιιιιιιι
173 2587 413 2648 sustentantur,
434 2565 566 2630 modico
589 2567 733 2632 contenti
754 2570 901 2650 pabulo,
920 2591 1088 2648 annonam
1168 2611 1172 2620 -

49 2659 141 2722 totius
174 2657 410 2726 hebdomadae
443 2657 575 2719 sabbato
608 2653 784 2734 accipiunt,
825 2673 861 2716 ae
884 2641 1088 2734 omnimode

50 2723 219 2806 hnmanae
251 2739 482 2820 consolationis
512 2753 679 2820 expertes,
712 2760 732 2800 a
759 2740 930 2820 colloquiis
961 2757 1087 2822 tantum

51 2827 166 2894 divinis
196 2842 233 2892 et
259 2826 410 2904 oratione
436 2843 507 2888 nun
534 2825 702 2888 resedent.
766 2824 951 2892 Dominicis
978 2811 1087 2912 solum

48 2914 173 2996 diebus,
203 2909 465 2994 adoratorium,
494 2910 617 2990 quod
607 2931 645 2970 ιιι
665 2909 833 2972 communi
855 2912 998 2992 positum
1019 2927 1087 3011 est,

45 3009 268 3098 concurrunt,
301 3017 338 3058 ac
366 2999 470 3058 verbo
496 3007 624 3061 sanctae
651 2985 882 3076 cohortationis
911 3019 930 3058 a
957 2995 1110 3064 seniore¹

47 3082 181 3165 irrigati,
217 3080 344 3154 deificis
366 3078 535 3160 salubriter
554 3080 667 3156 refecti
688 3079 862 3162 mysteriis,
896 3102 973 3142 cum
995 3083 1098 3154 omni«
1138 3131 1141 3140 .
1242 3103 1245 3112 ’

48 3173 208 3242 alacritate
239 3183 457 3242 revertuntur.
512 3166 584 3228 Alii
616 3166 703 3231 vitae
737 3186 815 3228 suae
849 3164 957 3230 solum
986 3165 1087 3233 deum

47 3268 162 3328 testem
193 3255 318 3320 habere
348 3247 535 3333 cupientes,
564 3250 670 3325 antris,
700 3251 883 3330 speluncis,
912 3251 1088 3332 parietibus

46 3357 80 3400 se
107 3337 304 3412 includunt,
339 3352 496 3418 tantoque
525 3335 688 3400 ardentius
716 3333 810 3398 coele
843 3338 1005 3418 suspensi
1021 3341 1102 3402 sau,

46 3421 200 3489 batizare
225 3424 417 3498 creduntur,
457 3437 580 3503 quanto
613 3413 751 3500 amplius
784 3422 890 3484 omnis
907 3422 1090 3489 mumanae

45 3509 210 3578 societatis
258 3527 402 3586 extorres
447 3506 670 3577 inveniuntur.
749 3507 831 3568 Sunt
869 3507 1002 3586 etiarn,
1027 3509 1088 3588 qui
1133 3516 1135 3526 '
1177 3506 1183 3527 '

45 3597 216 3674 squalores
257 3593 480 3661 solitudinum
517 3593 704 3672 requirant,
767 3590 900 3655 bestiale
945 3595 1089 3658 ferarum
1162 3641 1175 3650 -
1243 3629 1245 3639 ι

43 3679 252 3742 consortium
279 3699 349 3749 ιιοιι
378 3679 620 3775 pertimescant,
653 3677 755 3740 herba
776 3691 968 3756 pascuntur,
998 3682 1088 3760 pelle

42 3764 146 3825 carnis
176 3784 249 3861 pro
257 3763 492 3846 operimento
506 3761 652 3842 ut'entes,
686 3761 802 3844 algore
822 3765 946 3846 noctis,
977 3780 1012 3830 et
1040 3785 1088 3829 ca·

40 3844 122 3917 lore
133 3848 249 3910 solis'
241 3869 275 3910 ιιι
296 3851 435 3918 modum
456 3849 661 3930 Aethiopum
683 3847 876 3929 denigrati,
887 3851 981 3914 velut
1007 3841 1092 3930 tymi
1197 3836 1200 3841 ¹

40 3949 172 4022 imum,
194 3932 423 4062 pbrieertsnu
440 3951 538 4016 atqua
566 3931 700 4014 terreno
726 3919 949 4016 habitaculo
939 3955 991 3999 m
1002 3948 1087 4016 terr,

904 4095 910 4102 ἢ
925 4019 1087 4154 positi,
1178 4008 1201 4044 ”
1270 4003 1279 4015 ’
