2688 4754
261 415 331 494 rio
437 478 439 486 ,

722 533 728 542 ,
789 531 792 558 ,
1028 547 1032 552 .

259 615 336 664 narn
364 606 562 674 conquestus
589 605 663 657 est.¹
693 594 779 658 Cum
801 579 919 656 autem'
933 607 1012 656 curn
1035 591 1075 674 ab
1096 586 1232 674 inoep'to
1250 614 1291 657 re-

257 699 378 743 vocare
402 701 473 758 non
501 691 628 761 posset,
660 699 731 758 non
764 691 830 740 tam
862 696 956 740 suam
977 675 1160 758 injurians,
1201 697 1292 756 quam

201 789 205 800 ‘
257 765 450 850 exemplum
476 763 613 846 injuriae
640 785 701 846 per
728 763 890 837 ultionem
907 758 1034 826 tollere
1060 778 1236 841 quaerens,
1262 763 1291 824 fi.

258 849 340 912 lium
368 849 588 924 exheredare,
627 864 660 913 et
686 849 817 910 fratrem
854 847 926 928 ejus
952 845 1156 910 Heinricum
1193 847 1292 910 adhue

257 932 417 1017 puerunt,
435 933 471 995 in
492 934 631 1016 regnunt
653 953 851 1016 promovere
873 931 1043 1016 cogitabat.
1085 931 1199 1016 Igitur
1218 933 1290 994 mul-

154 1054 157 1062 ·
257 1019 296 1084 tis
317 1017 491 1101 procerum
513 1019 730 1082 conventibus
752 1012 886 1093 habitis,
907 1017 1085 1102 imperator
1104 1035 1210 1098 super
1229 1017 1289 1079 filio

256 1125 318 1167 suo
351 1094 503 1168 Conrado
536 1117 735 1184 conquestus
768 1116 832 1166 est:
867 1101 944 1182 quia
975 1101 1103 1179 additus
1136 1101 1290 1182 hostibus,

117 1195 118 1202 ’
160 1217 164 1226 ·
257 1183 397 1272 regn‘um
424 1188 611 1282 invasisset,
627 1201 678 1276 ,et
700 1188 790 1268 quod
811 1199 937 1269 patrem
957 1207 1029 1250 non
1049 1187 1160 1249 solum
1183 1207 1288 1269 regno,

251 1275 314 1348 ,sed
335 1287 376 1338 et¹
390 1273 457 1338 vita
476 1275 604 1356 privare
626 1289 813 1336 conaretur:
840 1271 992 1354 injuriam
1012 1273 1106 1342 suam
1128 1271 1289 1358 puirlicam

159 1415 161 1423 ,
254 1377 329 1422 esse
350 1359 483 1436 debere,
504 1360 561 1422 vel
577 1359 604 1420 si
620 1359 749 1420 nullum
767 1378 806 1420 ea
828 1371 990 1431 moveret,
1010 1357 1126 1422 saltem
1150 1357 1218 1419 hoo
1236 1356 1287 1428 rei·

253 1443 404 1526 publicae
434 1463 531 1506 causa
558 1458 774 1526 praestarent,
806 1457 843 1504 ut
870 1441 1026 1524 pervim
1053 1441 1228 1506 nerninem
1259 1455 1287 1504 et

195 1603 197 1610 Ι
253 1530 362 1593 scelus
387 1549 524 1611 regnare
551 1541 755 1610 paterentur:
777 1529 999 1592 ‘transferrent
1025 1525 1134 1608 potius
1164 1525 1288 1592 eiectio·

196 1613 200 1632 ‘
251 1613 387 1678 nemin
409 1613 571 1678 minorem
592 1613 698 1691 filium
719 1633 833 1688 suurn,
869 1606 969 1694 quain
994 1612 1069 1694 jure
1090 1613 1201 1696 major
1221 1611 1287 1674 ami·

193 1756 196 1766 ,
253 1701 357 1763 sisset.
400 1697 556 1782 Plerique
578 1713 690 1760 contra
710 1697 907 1772 nitebantur,
927 1696 1029 1779 magis
1050 1711 1186 1764 utentes
1208 1697 1287 1780 inge

250 1783 325 1862 nio,
354 1803 452 1866 quam
471 1783 560 1865 justo
582 1799 616 1847 et
635 1805 729 1848 vero.
770 1783 871 1846 Multi
897 1795 1008 1850 autem
1035 1782 1171 1867 publico
1200 1785 1284 1844 bono
1330 1795 1331 1806 ¹

252 1871 419 1944 faventes,
440 1865 792 1948 sententiaevotoque
812 1866 1016 1949 imperatoris
1037 1869 1285 1930 concordabant.
1329 1917 1331 1954 4

242 1955 406 2017 ¹Tandem
436 1953 588 2014 omnibus
610 1952 645 2014 in
670 1973 772 2014 unam
794 1947 993 2018 sententiam
1020 1951 1227 2028 coeuntibus,
1255 1965 1285 2014 et
1326 1957 1331 2008 t

253 2035 412 2100 concordi
438 2035 554 2100 favore
581 2035 851 2118 approbantibus,
872 2036 1050 2120 imperator
1069 2037 1236 2103 minorem
1255 2036 1286 2104 fi.-

209 2118 220 2190 ,’
243 2123 343 2198 lium,
365 2121 518 2185 invasore
534 2121 622 2204 prius
645 2143 688 2184 ex
705 2123 837 2186 decreto
859 2129 968 2186 curiae
990 2122 1179 2204 dijudicato,
1201 2123 1285 2186 here·

249 2209 329 2273 dem
355 2204 449 2287 regni
477 2205 527 2270 sui
555 2205 735 2274 constituitr
770 2229 878 2290 aquo
906 2227 951 2274 ne
978 2223 1015 2272 et
1034 2207 1105 2293 ipse
1127 2206 1283 2272 abiretin

217 2351 222 2362 ,
250 2293 340 2356 viam
362 2291 464 2363 fratris
485 2291 553 2367 sui,
574 2290 803 2373 jusjurandum
826 2291 964 2375 accepit,
986 2291 1145 2357 videlicet
1166 2313 1213 2356 ne
1232 2312 1284 2353 un·

251 2399 352 2460 quarn
380 2396 416 2440 se
445 2378 502 2440 vel
530 2378 572 2440 de
594 2397 715 2458 regno,
742 2378 799 2441 vel
821 2380 864 2444 de
885 2376 1024 2460 praediis
1045 2375 1155 2462 patris,
1178 2399 1221 2443 eo
1241 2375 1282 2440 ni·

249 2478 352 2528 vente
385 2458 482 2544 (nisi-
498 2463 583 2525 forte
616 2481 658 2524 ex
687 2479 852 2526 consensu
873 2461 1017 2544 ipsius),
1047 2461 1280 2560 intromitteret.

247 2549 323 2612 Jam
345 2563 415 2610 turn
437 2567 586 2629 murmur
607 2557 640 2610 et
660 2561 767 2610 metus
790 2563 874 2624 erat,
894 2549 981 2612 inter
999 2549 1083 2610 duos
1103 2547 1220 2610 fratres
1240 2552 1287 2608 md

246 2633 366 2698 testina
393 2631 479 2695 bella
505 2632 594 2705 fore,
626 2651 845 2713 magnamque
867 2633 960 2716 regni
981 2633 1108 2710 cladem
1128 2633 1278 2699 futuram.

232 2715 314 2782 *Sed
343 2717 400 2798 qui
428 2716 539 2781 omnia
567 2715 747 2797 dispensat,
781 2718 871 2780 hunc
891 2734 1019 2782 metum
1039 2718 1130 2788 letho
1153 2715 1278 2798 majoris

86 2834 88 2847 ν
156 2839 160 2848 ,
245 2802 305 2866 filii
326 2801 469 2877 sustulit,
497 2815 531 2866 et
550 2815 588 2864 ut
607 2821 747 2883 regnum
767 2802 802 2864 in
823 2823 922 2866 unam
946 2803 1154 2866 concordiam
1177 2795 1277 2866 redir'e

171 2917 176 2930 ¹
245 2901 368 2972 posset,
391 2886 596 2951 occasionem
619 2886 719 2950 dedit.
760 2884 891 2976 Quibus
912 2887 956 2951 ita
975 2887 1151 2964 transactis,
1173 2887 1276 2950 hostes

168 2998 170 3009 ¹
243 2972 457 3055 imperatoris,
481 2973 671 3035 detruncato
693 2970 786 3036 toties
809 2973 923 3055 capite,
944 2991 1014 3036 non
1034 2971 1213 3049 habentes,
1228 2968 1276 3032 cui

182 3063 184 3072 '
247 3059 480 3132 adhaererent,
503 3056 653 3140 pactione
675 3059 815 3134 subacti,
837 3055 1219 3146 quodloptimum‘erat,
1244 3055 1274 3116 in

134 3145 139 3163 ‘
245 3165 362 3228 pacem
383 3144 489 3219 bella,
508 3143 543 3204 in
564 3141 776 3204 domesticam
798 3143 1003 3208 securitatem
1024 3156 1125 3204 castra
1146 3159 1274 3204 conver-

245 3243 364 3292 terunt.
405 3228 512 3310 Igitur
532 3241 569 3288 ut
589 3225 712 3307 ubique
733 3247 797 3308 part
819 3243 852 3291 et
869 3222 1067 3308 tranq’uilitas
1085 3243 1183 3303 esset,
1206 3247 1274 3288 con·

244 3313 370 3386 vocatis
388 3314 430 3375 ad
447 3313 568 3382 curiam
585 3309 783 3392 primatibus,
806 3329 921 3396 pacem
940 3333 999 3394 per
1017 3327 1121 3377 totum
1139 3329 1273 3394 regnum

245 3401 307 3461 sub
333 3397 520 3478 juramento
552 3396 680 3462 firmare
711 3389 802 3472 fe‘cit,
834 3413 868 3460 et
899 3398 941 3459 ad
972 3395 1153 3464 inhibenda
1186 3397 1273 3472 mala,

120 3498 123 3505 ¹
228 3475 332 3564 -r‘ruae
345 3483 478 3566 fiebant,
497 3501 633 3564 gravem
645 3501 787 3564 poenam
802 3481 836 3544 in
855 3481 1104 3568 transgressores
1124 3483 1202 3548 decr
1221 3480 1271 3542 vit.

245 3569 347 3654 Quod
377 3565 511 3646 quidem
539 3565 625 3648 pacis
654 3566 821 3630 decretum
843 3577 1002 3656 quantum
1023 3566 1148 3642 miseris
1171 3505 1274 3630 eibo-

242 3655 295 3716 nis
316 3649 446 3732 profuit,
468 3660 591 3713 tantum
614 3648 775 3731 perversis
798 3666 830 3712 et
850 3651 1038 3732 potentibus
1060 3651 1189 3714 nocuitr
1215 3647 1271 3711 iilis

90 3763 98 3785 κ
182 3781 184 3786 -
245 3736 391 3820 copiam,
419 3735 486 3798 istis
508 3748 686 3818 egestatem
707 3734 877 3812 etiamen
897 3735 1015 3798 intuiit.
1057 3737 1146 3798 Nam
1165 3735 1221 3814 qui
1240 3733 1270 3793 in

242 3821 363 3886 milites
390 3821 479 3884 Bona
506 3839 564 3883 sua
591 3820 818 3899 distraxerant,
851 3835 888 3883 ut
915 3821 1022 3882 multo
1047 3818 1151 3884 milite
1174 3815 1271 3900 stipati
1325 3835 1326 3844 ¹

161 3923 166 3934 “
241 3907 473 3992 procederent,
503 3921 536 3969 et
557 3903 624 4002 aiip's
647 3923 810 3967 armorum
832 3903 926 3988 copia
946 3906 1047 3988 longe
1067 3915 1269 3986 praestarent,

211 3989 213 4001 '
243 3993 281 4078 hi
307 3995 388 4058 dum
413 3989 475 4082 ¹sihi
497 3990 628 4075 licentra
647 3989 834 4074 rapinarum
855 4003 968 4075 erepta
988 3999 1039 4058 'est
1059 3991 1176 4078 (quod
1193 3995 1269 4082 pros

1209 4070 1268 4135 illoc
