2682 4756
1321 442 1322 502 l

227 589 279 640 tus
302 593 321 636 a
341 565 568 648 multitudine,
600 567 768 654 conferre,
801 581 835 634 et
857 566 937 650 quid
958 554 1045 634 facto
1067 587 1152 656 opus
1174 589 1259 653 esset,

210 658 372 748 ,qualiter
389 672 455 722 tam
477 657 633 724 horrendi
661 653 821 720 examinis
849 657 1077 720 necessitatem
1104 659 1259 736 evaderet,
1321 665 1322 708 Ψ

79 755 86 784 ,ι
121 819 128 824 ss
196 751 204 834 f
227 741 372 828 trepidus
395 727 578 808 consulere.
621 743 807 822 Resumpto
830 723 967 803 demum
989 739 1119 822 spiritu,
1147 747 1261 810 causari

229 831 318 913 apud
339 851 458 910 papam
480 827 591 909 coepit
613 826 654 889 de
679 825 823 890 absentia
844 825 1048 908 principum,
1076 827 1133 909 qui
1156 829 1238 890 sibi'
1231 851 1262 893 ιιι

229 915 375 980 adversis
404 915 507 978 fidem
535 913 642 980 adhuc
670 910 830 993 integram
853 924 1055 987 servassem,
1085 913 1262 994 quibusin·

231 999 404 1074 consultis,
432 1013 466 1062 et
487 998 692 1078 potissimum
715 995 902 1060 absentibus
923 999 1216 1074 accusatoribus,
1208 1000 1263 1062 nri

230 1099 297 1150 tarn
319 1085 409 1158 fore,
441 1103 505 1146 nec
527 1082 702 1162 quicquam
723 1081 846 1146 virium
868 1083 958 1162 apud
977 1080 1168 1148 incredulos
1188 1085 1263 1148 habi·

149 1191 153 1198 ·
201 1232 203 1236 ,
231 1185 337 1234 turam
373 1188 467 1241 esse,
504 1187 737 1246 quamcunque
757 1187 829 1265 prp
858 1165 1096 1247 experienda
1087 1171 1264 1233 innocentia

26 1270 29 1284 ¹
115 1255 132 1342 ζ
232 1273 293 1318 sua
321 1251 571 1316 satisfactionem
602 1255 732 1345 paucis,
765 1250 823 1334 qui
851 1253 1003 1328 aderaut,
1034 1257 1264 1336 proposuisset.

110 1352 112 1360 ’
207 1339 376 1424 ,proinde
403 1338 519 1402 sedulo
549 1358 668 1436 papam
697 1353 807 1411 orare,
839 1350 969 1400 utrem
995 1337 1159 1436 integram
1179 1361 1264 1422 gene·

233 1426 292 1490 rali
321 1423 461 1487 concilio
490 1423 727 1502 communique
756 1420 943 1500 audientiae
972 1421 1135 1500 differret,
1166 1441 1201 1488 ut
1227 1423 1265 1490 ibi

236 1509 439 1610 congregatis
473 1510 728 1582 accusatoribus,
771 1522 803 1570 et
836 1508 1029 1572 secundum.
1054 1512 1145 1592 leges
1177 1511 1274 1592 eccle«,

235 1594 375 1660 siasticas
403 1595 572 1669 discussis,
603 1607 670 1656 tarn
698 1590 956 1656 accusationibus
986 1595 1086 1672 qutun
1119 1611 1266 1658 accusato·

219 1685 310 1744 ,rum
328 1679 486 1761 personis,
505 1675 757 1754 conditionibus,
775 1697 990 1758 quascunque
1010 1700 1175 1762 principes
1185 1699 1267 1761 regni

214 1785 358 1846 aequas
384 1763 602 1846 judicassent,
634 1763 762 1843 objecta
788 1763 962 1826 refelleret.
1013 1765 1118 1840 Haud
1147 1780 1266 1848 gravate

136 1881 139 1893 ·
236 1871 322 1934 papa
344 1848 469 1932 petenti
491 1849 665 1930 acquievit,
688 1849 888 1946 expletoqpe
909 1867 1001 1912 sacro
1020 1848 1213 1924 ministerio,
1228 1869 1267 1914 re

238 1954 316 2018 gem
338 1937 379 2000 ad
401 1934 575 2015 prandium
596 1933 745 2007 vocavit,
780 1932 1091 2015 benignissimeque
1109 1931 1267 2010 refectum,

240 2036 276 2084 et
303 2021 347 2082 de
368 2017 538 2116 omnibus,
558 2015 654 2098 quae
684 2037 762 2082 eum
793 2021 969 2094 observare
974 2035 1181 2106 oporteret,
1212 2017 1269 2080 dili

241 2119 358 2186 genter
380 2101 583 2178 instructum,
606 2113 787 2185 cumpace
807 2104 847 2164 ad
870 2123 967 2178 suos,
996 2105 1054 2186 qui
1074 2107 1204 2208 longius
1224 2125 1269 2168 er·

241 2203 291 2252 tra
313 2189 482 2255 castellum
503 2207 737 2284 remanserant,
760 2187 890 2252 dimisit.
932 2187 1112 2272 Epponem
1136 2208 1269 2273 quoque,

243 2271 445 2338 Citicensem
474 2275 699 2356 episcopum,
718 2269 886 2371 praemisit
913 2291 988 2340 ante
1018 2293 1113 2352 eum,
1146 2291 1182 2338 ut
1207 2289 1267 2353 eos,

191 2381 195 2418 ι
243 2343 309 2441 qui·
323 2357 353 2424 ei
376 2358 671 2433 excommunicato,
692 2345 883 2441 priusquam
905 2361 1112 2426 anathemate
1136 2363 1269 2430 absolve

194 2517 197 2523 ,
242 2461 348 2518 retur,
370 2443 595 2508 indifferenter
615 2445 956 2522 communicaverant,
977 2446 1052 2510 vice
1073 2467 1134 2510 sua
1156 2465 1271 2510 excom

101 2540 105 2548 '
169 2594 177 2606 ,
220 2529 470 2595 ·municatione
492 2529 707 2606 absolveret,
716 2530 860 2610 benigne
883 2551 1093 2610 praecavens,
1116 2553 1161 2597 ne
1183 2551 1270 2612 quam

237 2617 357 2678 'denuo
392 2629 545 2694 receptae
583 2613 825 2678 communionis
864 2619 1027 2678 maculam
1065 2618 1270 2680 contraheret

245 2698 321 2798 Qui
336 2699 416 2760 dum
438 2699 593 2774 venisset,
616 2712 649 2762 et
671 2717 816 2785 causam,
849 2722 911 2784 pro
940 2721 1005 2784 qua
1026 2701 1146 2766 missus
1168 2703 1269 2776 fuerat,

219 2831 221 2840 ,
245 2783 338 2850 ltalis
362 2783 581 2864 exposuisset,
615 2776 828 2856 vehemeus'
818 2807 853 2862 tn
876 2807 954 2849 eum
976 2789 1023 2849 ira
1044 2803 1077 2850 et
1100 2785 1327 2880 indignatio

170 2925 174 2948 ι
245 2884 358 2932 coorta
380 2883 438 2940 est.
483 2871 637 2935 Fremere
658 2891 792 2946 onmes,
824 2887 858 2936 et
879 2871 1006 2936 saevire
1028 2873 1139 2935 verbis
1162 2893 1198 2934 ac
1217 2891 1270 2930 ma·

1322 2375 1327 2424 l

1320 2437 1327 2604 l

1321 2697 1327 2738 l

246 2955 361 3018 nibus
366 2970 564 3034 coeperunt,
599 2955 796 3054 apostolicae
807 2956 1014 3054 legationi
1006 2958 1153 3032 irrisoriis
1182 2958 1271 3024 excla
1326 2997 1327 3026 J

246 3039 446 3124 mationibus
456 3041 667 3138 obstrepere,
689 3040 836 3105 convicia
858 3058 890 3106 et
911 3041 1104 3122 maledictu,
1124 3061 1271 3124 quaecun

248 3143 315 3222 que
332 3104 521 3223 turpissima
542 3123 632 3186 furor
653 3126 880 3222 suggessisset,
901 3126 1059 3208 irrogaret
1095 3147 1132 3192 se
1156 3145 1271 3194 excom·

247 3209 514 3275 rriunicationem
528 3208 612 3272 illius
624 3200 727 3272 nihili
751 3211 938 3286 aestimare,
967 3233 1069 3309 quem
1082 3213 1195 3296 ipsum
1216 3226 1271 3272 om·

232 3298 311 3358 'nes
339 3295 453 3358 Italiae
484 3293 628 3376 episcopi
649 3295 747 3394 justis
776 3317 819 3359 ex
847 3297 951 3358 causis
976 3299 1045 3378 J'am
1072 3299 1200 3378 pridem
1229 3316 1271 3358 ex
1326 3305 1327 3310 ’

253 3381 569 3453 communicassent,
602 3379 659 3459 qui
686 3381 799 3446 sedem
824 3380 1035 3462 apostolicam
1057 3395 1123 3464 per
1138 3379 1272 3446 simonia·

150 3513 152 3527 ι
249 3483 322 3524 cam
341 3463 506 3528 haeresim
526 3481 725 3546 occupasset,
748 3466 946 3530 homicidiis
955 3482 1170 3543 cruentasset,
1199 3465 1272 3528 adul

210 3575 214 3582 ·
252 3547 348 3627 teriis,
371 3549 507 3628 aliisque
529 3549 716 3631 capitalibus
738 3551 942 3617 criminibus
941 3553 1166 3634 polluisseu'
1172 3569 1273 3632 regem

187 3696 191 3706 ,
251 3655 345 3698 secus
368 3656 405 3698 ac
427 3637 555 3709 deceat,
588 3633 711 3716 egisse,
742 3635 933 3718 crimenque
962 3635 1083 3736 gloriae
1106 3658 1184 3702 suae
1204 3638 1272 3697 intu-

251 3719 332 3784 lisse
350 3729 520 3801 nunquam
544 3721 761 3797 abolendum,
794 3723 885 3802 quod
913 3716 1040 3814 hpmini
1067 3722 1227 3788 haeretico
1245 3733 1273 3782 et

186 3809 189 3822 '
250 3803 378 3903 probris
407 3806 560 3868 omnibus
587 3803 745 3868 infamato
774 3793 977 3888 maJ'estate‘m
1005 3808 1128 3890 regiam
1151 3802 1273 3870 summi·

253 3890 347 3964 serit,
369 3905 404 3958 et
423 3909 526 3970 quem
543 3888 684 3968 justitiae
707 3905 880 3973 patronum
901 3893 1081 3974 legumque
1104 3887 1273 3956 ecclesiasti-

235 3995 365 4039 carum
387 3971 554 4066 vindicem
570 3973 632 4038 sibi
643 3993 820 4090 parassent,
841 3977 867 4044 is
879 3977 1075 4044 foedissima
1086 3977 1272 4062 subjectione

1224 4077 1274 4124 sut

1040 4119 1045 4146 l
