2682 4756
66 596 217 672 tudinem
249 605 450 683 animorum,
497 605 676 692 agilitatem
711 615 902 691 corpor-mn,
948 591 1102 680 virtutem

65 692 260 762 humiliandi
292 692 454 756 verticem·
482 695 588 774 capilli
621 693 717 756 vobis
749 695 1103 766 resistentiumi'Mo·

66 792 167 840 vernt
199 793 279 854 vos,
304 792 337 842 et
369 777 506 841 incitent
536 779 662 841 animos
695 795 821 842 vestros
845 781 886 842 ad
907 777 1102 856 virilitatem,
1187 795 1201 808 “

65 881 153 944 gesta
185 865 492 944 praedecessorum,
532 865 672 945 probitas
706 879 738 926 et
769 864 961 946 magnitudo
994 869 1104 930 Caroli
1132 901 1137 906 ·

65 947 176 1034 magnii
198 947 298 1030 regis,
326 963 359 1011 et
380 948 544 1010 Ludovici
565 949 623 1010 lilii
645 950 734 1030 ejus,
762 950 966 1030 aliorumque
987 965 1113 1033 regum'

18 1061 21 1072 ·
65 1049 269 1096 vestrorums
306 1033 363 1113 qui
390 1053 490 1116 regna
518 1037 703 1095 Tutcorum
734 1035 978 1110 destruxerunt,
1015 1053 1048 1099 et
1069 1037 1104 1100 in

5 2244 25 2340 l

65 1118 232 1182 eis'lines
263 1133 393 1185 sanctae
419 1119 584 1182 ¹ecclesiae
618 1119 869 1182 dilataremus·
908 1121 1104 1185 Praesertim
1174 1129 1175 1132 ’

65 1217 201 1266 moveat
240 1223 303 1265 vos
331 1206 477 1266 sanctum
509 1203 647 1266 Domini
675 1204 776 1265 nostri
805 1203 971 1268 salvatoris
1000 1206 1105 1287 sepul·

66 1289 193 1363 chrum,
215 1291 306 1370 quod
328 1292 368 1349 ab
389 1286 568 1352 immundis
590 1283 741 1382 gentibus
764 1289 956 1370 possidetur,
979 1306 1012 1354 et
1033 1295 1106 1354 loca

66 1384 293 1454 sancta,'quse
314 1383 403 1434 nunc
426 1373 601 1452 inhoneste
624 1389 813 1465 tractantur,
835 1389 868 1437 et
888 1375 1114 1440 irreverenter·¹
1197 1419 1200 1430 ι

66 1473 184 1520 eorum
212 1457 431 1520 immundiciis
460 1459 676 1534 sordidantur,
720 1461 752 1521 0
775 1459 942 1522 fortissimi
974 1463 1105 1537 milites,
1151 1507 1154 1520 .
1224 1463 1255 1486 ‘⁸

66 1543 327 1614 etinvictorum
357 1563 504 1626 propago
533 1560 723 1625 parentum,
758 1544 860 1608 nolite
894 1546 1105 1627 degenerare,

66 1630 122 1691 sed
144 1628 284 1692 virtutes
311 1631 473 1708 majorum
495 1645 679 1691 vestroruin
701 1628 955 1692 reminiscimini.
1004 1632 1106 1720 Quod

66 1715 90 1774 si
111 1733 177 1777 vos
200 1713 315 1776 charus
336 1713 493 1776 librorum
516 1729 549 1778 et
570 1727 756 1796 parentum.
772 1728 805 1776 et
826 1715 1005 1796 conjugum
1033 1733 1106 1778 con·
1157 1777 1166 1794 ,

67 1799 147 1862 tinet
172 1799 317 1873 affectus,
340 1819 384 1861 en
405 1799 548 1880 recolite,
571 1802 661 1878 quod
684 1799 718 1860 in
742 1799 915 1882 evangelio
938 1799 1022 1861 dicat
1038 1803 1107 1874 Do·

46 1885 193 1946 ‘minuss
217 1907 247 1963 ·„
256 1884 311 1964 qui
333 1899 419 1946 amat
440 1901 564 1964 patrem
588 1900 642 1944 aut
663 1899 800 1966 matrem
819 1903 922 1966 super
942 1889 1023 1962 me,
1037 1905 1107 1948 non

61 1975 113 2046 s'st
142 1961 202 2034 me
231 1970 359 2048 dignus.
415 1970 550 2042 Omnis,
583 1969 640 2048 qni
667 1967 834 2048 reliquerit
864 1972 1018 2045 domum,
1053 1982 1107 2036 aut

65 2071 205 2136 patrem,
227 2072 282 2117 aut
304 2068 456 2127 matrem,
479 2069 535 2116 aut
554 2073 710 2128 uxorem,
733 2069 787 2115 aut
808 2054 903 2129 lilios,
926 2070 981 2117 aut
1002 2073 1107 2136 agros,

66 2157 203 2222 propter
228 2159 353 2204 nomen
372 2159 512 2214 meum,
546 2143 737 2220 centuplum
767 2139 917 2220 accipiet,
942 2155 984 2204 et
1006 2143 1107 2203 vitam
1177 2173 1183 2176 ·
1234 2129 1241 2140 ¹

66 2241 235 2290 aeternam
257 2224 464 2306 possidebit.«
477 2209 575 2306 ,No‘n
597 2245 658 2285 vos
675 2223 920 2304 protrahatulla
933 2225 1108 2306 possessio,

65 2312 139 2372 ulls·
154 2309 204 2374 rei
221 2309 385 2372 familiaris
403 2309 597 2383 sollicitudo,
619 2307 775 2393 quoniam
793 2324 876 2372 terra
893 2309 984 2386 haec,
1007 2332 1107 2389 quam
1189 2363 1195 2386 ,

66 2395 270 2470 inhabitatis,
303 2397 448 2458 clausura
479 2395 574 2455 miris
602 2393 751 2474 undique
779 2409 813 2457 et
836 2393 922 2478 jugis
944 2395 1107 2458 montium
1150 2421 1178 2450 .-

67 2481 275 2556 circumdata,
297 2481 529 2542 numerositate
552 2493 659 2541 vestra
680 2492 918 2562 coangustatur,
933 2500 996 2544 nec
1014 2481 1108 2562 copia

40 2563 259 2658 ⁹dinitiarum
277 2567 449 2639 exuberat,
481 2579 515 2627 et
543 2564 600 2626 vix
626 2565 696 2626 sola
719 2564 873 2629 alimenta
894 2564 959 2628 suis
982 2565 1108 2628 cultori·

66 2653 127 2713 bns
154 2651 365 2714 administrat.
398 2650 485 2714 inde
508 2662 567 2720 esu
590 2649 678 2728 quod
702 2668 763 2711 vos
784 2648 928 2714 invicem
950 2640 1118 2724 mordetis,
1154 2691 1156 2698 ›

6 2795 8 2802 .
68 2753 100 2799 et
122 2735 314 2802 comeditis.
335 2735 420 2798 bella
445 2735 603 2808 movetis,
625 2749 658 2796 et
679 2735 875 2816 plerumque
896 2735 1017 2798 mutuis
1041 2738 1109 2798 vul·

6 2859 7 2862 =
68 2820 205 2884 neribus
228 2819 381 2882 occiditis.
414 2822 562 2882 ‘Cessent
583 2817 681 2901 igitur
701 2819 786 2882 inter
806 2838 867 2882 vos
891 2821 981 2896 odia,
1009 2823 1108 2884 conti·

69 2917 202 2968 cessant
220 2905 340 2988 jurgia,
372 2905 458 2968 bella
480 2905 664 2990 quiescant,
693 2921 725 2968 et
747 2904 844 2966 totins
866 2906 1107 2969 controversiae
1202 2935 1208 2947 ν

69 2989 293 3054 dissensiones
315 2990 491 3070 sopiantur.
534 2989 636 3053 Viam
660 2990 760 3054 sancti
781 2991 945 3072 sepulchri
965 2989 1108 3071 incipite,

69 3069 300 3138 terramillam
321 3074 464 3136 nefariae
486 3075 577 3157 genti
600 3076 734 3149 solerte,
756 3095 896 3154 eamque
919 3077 1013 3137 vobis
1037 3079 1130 3156 sub-s

67 3161 170 3241 jicite.
212 3162 315 3224 Terra
336 3159 389 3222 illa
410 3159 483 3221 filiis
505 3161 607 3222 Israel
630 3182 645 3222 a
663 3163 742 3224 Deo
763 3161 797 3222 in
819 3175 1012 3241 potestatem
1036 3163 1110 3224 data

68 3247 147 3322 fuit,
184 3245 266 3308 sicut
294 3243 567 3326 scriptum'dicit,
601 3266 690 3332 'quae
721 3247 805 3308 lecte
836 3259 870 3311 et
901 3232 1000 3310 melle
1027 3247 1109 3332 lluit.
1138 3311 1141 3316 ,
1168 3254 1170 3258 ’
1207 3265 1208 3271 ’

68 3324 286 3395 Hierusalem
312 3329 484 3391 umbilicus
513 3345 563 3395 est
590 3347 763 3404 terrarum,
796 3347 879 3392 terra
899 3351 977 3414 prae
995 3333 1110 3396 ceteris

70 3415 253 3490 fructifera,
287 3415 377 3496 quasi
408 3417 487 3478 alter
512 3417 679 3498 paradisos
703 3413 901 3478 deliciarum.
936 3417 1043 3478 Hanc
1063 3439 1110 3488 re·
1172 3415 1180 3443 ”

70 3503 227 3583 demptor
253 3500 389 3562 humani
414 3501 545 3583 generis
575 3521 635 3564 suo
663 3496 833 3562 illustravit
862 3503 1024 3576 adventu,
1058 3503 1110 3566 de-

29 3649 31 3657 ,
70 3586 196 3654 coravit
218 3584 478 3659 conversations,
501 3585 638 3648 sacravit
658 3583 820 3667 passione,
842 3600 946 3650 morte
961 3589 1117 3664 redemit,
1172 3597 1175 3604 '

69 3672 240 3754 sepultura
259 3670 437 3753 insignivit.
738 3743 741 3749 ⁵
1183 3733 1186 3742 ,

157 3755 255 3819 Haec
283 3755 378 3838 igitur
407 3752 661 3838 ciritas'tegalis
688 3755 722 3818 in
746 3755 832 3818 orbis
850 3756 965 3821 ‚medio
996 3757 1111 3840 posita,
1180 3773 1183 3783 ¹

70 3861 163 3902 nunc
184 3840 289 3904 asnis
310 3842 456 3902 hostibus
478 3842 605 3922 captiva
634 3857 779 3917 tenetur,
813 3857 846 3905 et
875 3846 915 3905 ab
943 3843 1113 3942 ignoranti·
1173 3851 1181 3858 '

71 3927 134 3987 bus
157 3928 283 3999 Deum,
310 3925 384 3988 ritui
405 3926 551 4008 gentium
576 3925 751 3988 ancillatur.
786 3927 933 4015 Quaerit
961 3929 1056 4010 igitur
1075 3941 1113 3992 'et

77 4023 171 4092 optat
190 4009 328 4090 liberari,
351 4027 384 4076 et
396 4025 433 4076 ut
446 4011 477 4076 ei
490 4012 699 4094 subvenistis,
720 4032 788 4076 non
811 4027 915 4078 cessat
933 4011 1113 4095 imprecari

1074 4099 1112 4162 A
1206 4173 1209 4190 t
