2628 4748
375 313 384 328 ι

377 353 383 380 i

145 381 149 392 '
207 401 307 521 (sao-
356 465 361 472 .

175 611 179 624 ¹
214 590 311 658 litatis
338 609 445 672 usqua
476 575 516 654 ad
543 606 655 658 nostra
686 575 834 672 tempora
866 584 1074 688 perduravit,
1108 590 1240 666 omnibus

167 727 170 732 -
217 675 460 754 inaccessibilis,
481 677 615 760 propter
636 675 732 740 maris
755 675 1024 756 circumjacentia.
1058 675 1234 740 Tenuisan
1201 699 1243 740 au.

148 799 157 814 κ
216 777 287 829 tem
334 762 422 825 sama
461 777 723 845 commemorat,
755 759 972 826 Ludewicum
1006 759 1115 840 Caroli
1146 761 1254 837 filium,

184 917 187 925 J
218 849 298 912 olim
321 861 438 911 terram
461 847 688 946 Rogianorum
704 809 879 918 obtulisse
903 847 1000 907 beato
1022 844 1136 906 Vim
1127 851 1164 906 tn
1181 843 1243 908 Cor

219 933 335 1014 begin,
368 951 411 996 eo
434 935 524 1013 quod
556 931 628 1014 ipse
654 927 810 996 fundator
830 926 971 994 extiterit
992 927 1143 992 coenobii
1163 929 1242 993 iliius.

25 1013 28 1025 '
108 1021 118 1034 ‘
219 1020 309 1082 Inde
339 1017 460 1098 egressi
489 1019 743 1104 praedicatores,
772 1029 906 1098 gentem
928 1011 1204 1096 Rugianorom,
1185 1037 1243 1079 sive

223 1103 408 1180 Ranorum,
437 1103 476 1164 ad
498 1103 599 1178 iidem
623 1102 822 1168 convertisse
845 1101 1009 1174 feruntur,
1042 1098 1170 1195 illicque
1191 1121 1243 1161 ora

221 1187 341 1250 torium
371 1187 563 1272 fundasse
554 1205 589 1248 tn
619 1189 782 1285 honorem
803 1183 877 1248 Viti
899 1181 1061 1266 martyris,
1094 1203 1182 1263 cous
1201 1197 1243 1246 ve

223 1269 390 1336 nerationi
411 1263 579 1352 provincia
602 1272 791 1372 consignata
813 1283 873 1332 est.
931 1205 1146 1331 Postmodum
1161 1287 1245 1368 vero,

221 1355 281 1420 obi
303 1353 404 1428 Rani,
427 1355 484 1436 qui
513 1371 545 1418 et
567 1355 720 1440 Regiani,
750 1353 881 1418 mutatis
901 1335 1036 1431 relius,
1046 1376 1065 1414 a
1087 1353 1160 1438 iuce
1179 1353 1244 1416 veri

223 1437 298 1506 tatis
330 1441 533 1515 aberrarunt,
564 1444 667 1518 factus
699 1453 749 1510 est
781 1441 872 1504 error
901 1439 996 1532 pejor
1029 1435 1153 1522 priore:
1181 1459 1244 1500 nam

223 1540 373 1612 sanctum
405 1524 531 1600 virum,
565 1547 666 1608 quem
697 1545 760 1597 nos
793 1543 927 1586 servum
959 1523 1027 1588 Dei
1060 1525 1243 1622 confitemur,

226 1609 315 1673 Rani
337 1607 396 1692 pro
419 1611 496 1672 Deo
520 1611 629 1676 colere
652 1623 853 1692 coeperunt,
881 1609 1046 1690 fingentes
1077 1610 1111 1673 ei
1138 1601 1244 1674 simula

93 1678 106 1738 Ῠ
132 1693 155 1704 ’“
226 1712 319 1756 crum
342 1685 544 1792 marimum,
577 1711 610 1762 et
632 1697 816 1761 servierunt
839 1709 1003 1758 creaturae
1025 1693 1143 1776 potius,
1164 1715 1245 1774 quam

227 1779 375 1862 creatori.
437 1779 539 1842 Adeo
570 1788 684 1844 autem
713 1781 795 1844 haec
824 1778 1018 1882 superstitio
1037 1781 1125 1860 apud
1152 1781 1244 1848 Raros

229 1863 386 1946 involuit,
407 1878 444 1926 ut
458 1863 671 1930 Zwantewith
691 1868 787 1928 Deus
808 1879 912 1928 terrae
933 1857 1186 1944 Rugianorum
1178 1879 1245 1925 mter

60 2011 67 2022 ,
127 1985 136 2016 ,ν
162 2025 166 2028 ,
211 1949 343 2020 „omnia
369 1947 507 2011 numina
538 1951 710 2012 slavorum
733 1949 906 2032 primatum
928 1949 1122 2048 obtinuerit,
1152 1947 1247 2011 clarior

228 2034 267 2097 in
289 2031 442 2107 victoriis,
464 2032 656 2106 efficacior*
647 2051 682 2096 rn
702 2035 877 2114 responsis.
914 2033 1026 2106 Unde
1040 2035 1139 2097 etiam
1157 2036 1246 2096 nostra

168 2145 170 2148 ⁴
230 2118 339 2181 'adhuc
362 2131 476 2192 aetate,
496 2131 565 2180 non
587 2121 694 2181 solum
717 2117 920 2202 Wagirensis
942 2131 1041 2196 terra,
1067 2121 1124 2182 sed
1147 2134 1177 2196 et
1195 2133 1245 2179 ont
1263 2178 1268 2186 ,

108 2245 109 2249 =
140 2274 142 2279 ,
229 2221 292 2266 nes
315 2204 487 2266 slavorum
509 2203 714 2284 provinciae,
747 2203 834 2266 illuc
845 2203 961 2266 tributa
983 2203 1148 2267 annuatim
1170 2219 1245 2266 trans

151 2359 159 2374 .
222 2285 411 2360 mittebant,
432 2284 526 2349 illum
548 2291 663 2354 Deum
687 2293 837 2351 Deorum
859 2309 931 2352 esse
946 2291 1152 2378 profitentes.
1187 2292 1245 2350 Rex

230 2373 320 2454 apud
348 2391 405 2438 eos
435 2372 584 2437 modicae
613 2373 841 2438 aestimationis
864 2387 922 2448 est,¹
950 2376 1191 2467 comparatione
1204 2370 1246 2434 da·

230 2455 341 2522 minis'.
385 2458 449 2520 Ille
478 2459 567 2522 enim
590 2469 752 2540 responsa
779 2457 972 2541 perquirit,
984 2475 1017 2524 et
1045 2474 1180 2532 eventus
1198 2477 1245 2518 sor

230 2541 315 2610 tium
342 2545 512 2624 exploran-
542 2545 607 2608 Ille
636 2543 676 2605 ad
703 2559 824 2606 nutum
849 2543 1013 2618 sortium,
1035 2561 1069 2607 et
1091 2564 1181 2626 porro
1201 2550 1245 2602 r'ex

122 2690 154 2704 ,¹
230 2641 268 2697 et
293 2629 436 2726 populus
467 2629 518 2690 ad
534 2629 622 2692 iliius
649 2645 780 2692 nutum
789 2629 947 2710 pendent.
989 2631 1085 2694 Inter
1105 2629 1185 2691 varia
1207 2647 1245 2687 au

204 2725 300 2778 ‚tem
306 2711 516 2798 libamenta,
547 2715 697 2778 sacerdos
725 2731 964 2858 ῃρηηυηὲυᾳιῃ
988 2713 1156 2797 hominem
1177 2709 1245 2776 Chri
1290 2725 1292 2746 ¹

64 2789 66 2796 '
135 2843 140 2862 .
233 2777 375 2862 stiatium
406 2797 497 2862 litare
514 2793 672 2896 sciebat,
714 2798 901 2896 huJusuno
894 2819 903 2860 t
933 2801 1053 2864 cruore
1080 2801 1169 2864 Deos
1194 2815 1245 2870 om

230 2879 323 2948 nino
343 2883 531 2946 delectari
497 2869 677 2982 Jactitans.
729 2873 862 2946 Accidit
897 2898 991 2950 ante
1005 2877 1125 2983 paucos
1153 2897 1244 2977 annos,

85 2980 94 2991 ·
132 3037 133 3040 ¹
219 2965 411 3036 ,maximam
433 2965 615 3029 institorum
637 2966 878 3030 multitudinem
901 2990 944 3033 eo
965 2969 1175 3042 convenisse,
1199 2965 1244 3046 pis·

142 3106 147 3124 ,
203 3049 369 3115 cationis
397 3047 526 3138 gratian
545 3047 615 3118 Iti
626 3052 807 3116 Novembri
835 3053 936 3128 enim,
964 3055 1064 3118 flante
1080 3055 1245 3119 'vehemen

232 3137 295 3199 tius
318 3153 439 3222 vento
459 3131 599 3200 multum
620 3137 685 3202 illic
706 3139 799 3200 halec
821 3139 960 3219 capitur,
989 3155 1021 3202 et
1041 3155 1129 3220 patet
1148 3153 1245 3199 incrta
1280 3161 1283 3166 ·

112 3231 114 3238 ’
217 3223 357 3298 ‚toribus
385 3183 467 3287 liber
495 3238 663 3297 accessus
679 3221 706 3284 si
728 3237 837 3288 tamen
859 3230 934 3291 tinte
957 3227 1035 3288 De‘o
1055 3240 1168 3299 terrae,
1188 3215 1244 3300 legi

141 3338 146 3346 ’
236 3307 317 3370 tima
343 3327 402 3369 sua
428 3305 676 3389 persolverint.
697 3306 809 3372 Aifuit
837 3321 914 3372 tunc
940 3305 1035 3375 forte
1049 3307 1244 3400 Godescalcut

235 3392 380 3474 quidam,
402 3389 694 3468 sacerdosdomini
712 3393 754 3456 de
765 3377 972 3469 Bardewich,
994 3394 1156 3476 invitatur,
1176 3407 1206 3465 ut
1219 3388 1245 3446 in

235 3490 324 3544 tauta
351 3475 550 3558 populorum
571 3464 755 3558 frequentia
776 3489 885 3562 ageret
914 3501 963 3553 ea,
986 3498 1070 3560 quae
1092 3478 1158 3542 Dei
1178 3487 1244 3537 suot.

131 3601 134 3608 ·
197 3599 212 3647 ι,
235 3559 311 3625 Nec
328 3557 396 3623 hoc
417 3561 508 3626 latuit
536 3563 592 3628 dio
613 3565 813 3648 sacerdotem
838 3563 931 3626 illum
956 3567 1138 3654 barbarum,
1165 3578 1193 3623 et
1211 3576 1245 3618 ao

165 3723 167 3740 Ι
238 3646 360 3712 cersitis
382 3666 461 3728 rege
482 3661 514 3710 et
536 3649 678 3732 populo,
708 3649 842 3712 nu‘nciat
862 3645 952 3734 irata
961 3634 1184 3712 veliementius
1202 3663 1244 3704 nu·

187 3735 189 3738 ’
236 3730 343 3807 mina,
377 3750 440 3804 nec
467 3733 558 3796 aiiter
577 3723 703 3813 placari
727 3755 873 3824 posse,
864 3731 943 3796 nisi
951 3753 1065 3798 cruore
1089 3725 1245 3811 sacerdotis,
1275 3779 1278 3786 .

236 3813 294 3896 qui
327 3817 565 3907 peregrinum
566 3816 676 3880 inter
684 3839 742 3882 eos
784 3803 984 3886 sacrificium
1020 3821 1136 3883 offerre
1169 3825 1244 3908 prae·

231 3901 447 4000 sumpsisset.
484 3903 581 3964 Tunc
595 3885 735 3967 *sarbara
756 3923 836 4004 gens
866 3905 1023 3978 attonita,
1038 3893 1194 3966 convocat
1210 3897 1245 3957 iss-

74 4081 78 4088 ⁸
116 4051 163 4082 ,ἦ
234 3985 383 4096 scitorum
406 3985 595 4066 cohortem,
625 4005 796 4076 rogatque
805 3989 866 4056 sihi
887 3989 956 4057 dari
985 3991 1194 4080 sacerdotem,
1218 3989 1245 4040 ¹¹¹

1051 4117 1072 4142 ..
1184 4067 1245 4162 ode
