2688 4754
186 321 404 427 ,uls

190 605 192 611 ,
234 528 409 597 Postremo
431 517 622 604 eluistianus
644 539 663 586 a
683 539 812 604 pagano
833 521 1174 594 vulneratur-cecidit.
1227 535 1273 600 Ex

236 635 303 696 qua
329 609 512 694 rexpagani
540 609 576 670 in
603 619 725 671 tantam
754 606 933 674 elationem
969 627 1003 674 et
1030 615 1200 680 audaciam
1226 641 1272 686 ve·

234 703 372 772 nerunt,
400 711 453 775 ut,
474 691 538 766 nisi
559 695 744 775 Imperator
766 695 910 770 adesset,
940 697 1102 762 continuo
1121 701 1274 770 irruerent

234 804 334 867 super
354 780 560 866 christianos:
582 781 641 844 sed
662 781 857 862 Imperator,
893 781 934 842 ad
955 789 1214 866 compescendas
1234 789 1273 854 in·

174 939 176 948 ,
200 875 201 880 ’
234 869 402 934 cursiones
424 887 541 934 eorum
562 865 744 948 aonstrurtit
763 879 903 930 castrum
925 868 1132 946 Wirbinam,
1155 869 1271 958 inquo

172 1009 173 1014 ,
232 947 395 1038 praesidia
426 952 567 1039 militum
597 949 742 1024 locabat,
774 964 808 1014 et
838 951 1002 1036 principes
1031 956 1211 1034 Saxoniae,
1242 979 1272 1024 ut

145 1063 149 1072 ¹
232 1035 431 1104 unanimiter
450 1035 637 1100 resisterent
658 1035 808 1122 paganis,
839 1053 1043 1104 sacramento
1059 1055 1094 1106 et
1108 1044 1271 1126 Imperiali

231 1125 378 1208 jussione
406 1113 663 1207 constringebam
702 1121 824 1186 deinde
855 1143 1009 1188 reversus
1042 1127 1154 1197 estin
1181 1131 1277 1203 Fran„

209 1204 327 1274 ciam.
371 1207 529 1290 Sequenti
557 1217 639 1273 vero
667 1227 773 1283 anno,
812 1206 904 1274 i'dein
932 1225 1075 1274 castrum
1103 1233 1121 1274 a
1143 1217 1268 1296 paganis

66 1353 68 1360 s
135 1288 139 1296 ’
231 1298 311 1362 dolo
333 1300 463 1378 captum
486 1308 544 1368 est,
567 1307 600 1356 et
620 1293 731 1372 plures
752 1306 950 1370 nostrorum,
973 1295 1030 1376 qui
1050 1295 1151 1360 in-eo
1174 1297 1267 1380 erant,

230 1383 270 1444 ab
292 1379 341 1447 eis
365 1377 461 1442 occisi
482 1391 568 1448 sunt.
611 1377 704 1442 Hinc
726 1392 911 1442 commotus
933 1381 1135 1466 Imperator,
1156 1383 1267 1452 iterum

229 1483 307 1530 cum
329 1463 433 1546 copiis
449 1471 557 1544 usque
579 1461 697 1528 Albim
718 1461 861 1528 fluvium
883 1463 985 1530 venit.
1036 1465 1100 1533 Se'd
1123 1488 1201 1534 cum
1221 1495 1266 1554 pa.

147 1583 149 1595 ·
228 1549 309 1634 gani
337 1549 507 1614 transitum
521 1597 523 1606 .
535 1548 782 1630 ,prolnberentr
798 1549 989 1630 ‚Imperator
1015 1573 1075 1634 per
1103 1553 1195 1626 aliud
1209 1580 1267 1638 ¹va.

227 1639 310 1699 dum
330 1633 441 1709 iluvii,
463 1644 590 1716 partem
610 1633 771 1700 exercitus
792 1634 932 1700 latenter
953 1635 1141 1714 transmisit:
1173 1643 1265 1708 etita

226 1720 344 1805 fugatis
366 1719 530 1794 hostibus,
562 1719 633 1802 ipse
659 1731 730 1802 per'
745 1717 849 1802 ripam
876 1718 1013 1786 liberam
1033 1723 1207 1806 regionem
1225 1729 1265 1792 in·

225 1806 389 1890 grediens,
411 1805 580 1876 immensis
598 1803 877 1871 devastationibus
899 1823 932 1871 et
953 1806 1123 1885 incendiis,
1146 1811 1263 1894 ubique

146 1905 149 1910 '
225 1892 289 1958 nisi
316 1889 352 1956 iu
379 1889 459 1955 locis
486 1890 810 1972 inexpugnabilibus,
844 1889 889 1954 sic
917 1891 1104 1960 humiliavit
1125 1917 1202 1975 eos,
1231 1917 1264 1964 ut
1329 1957 1330 1964 ,

116 2029 124 2056 ,
196 2029 198 2035 ,
224 1996 368 2044 censum
392 1977 432 2040 ab
456 1973 613 2057 antiquio
627 1974 875 2056 imperatoribus
896 1978 1118 2063 propositum,
1149 1983 1262 2068 etjam
1329 1989 1330 2038 l

223 2073 369 2141 auctum,
390 2061 545 2127 Gunrado
567 2060 763 2141 Imperatori
779 2073 893 2146 postea
909 2064 1149 2145 persolverent.
1184 2071 1260 2134 Mul·

126 2165 130 2180 ’
222 2144 407 2214 tumenim
427 2144 588 2210 laboravit
608 2145 780 2210 Gunradus
802 2147 997 2228 Imperator,
1020 2149 1119 2230 prius,
1143 2167 1178 2218 et
1198 2171 1260 2219 tum
1328 2149 1330 2190 i

54 2295 64 2321 Χ
221 2233 259 2296 is
273 2222 377 2318 gente
395 2231 602 2295 Sclavorumr
624 2232 715 2296 unde
738 2226 871 2311 'qpidam
894 2233 936 2300 de
958 2234 1075 2298 nostris
1097 2241 1260 2316 quoddam

127 2337 131 2342 ·
218 2318 426 2386 breviarium-
439 2315 697 2392 versifirefecit,
719 2317 810 2396 quod
832 2331 945 2398 postea
958 2318 1157 2400 Imperatori
1180 2347 1259 2408 prae·

220 2403 398 2484 sentariu
430 2402 485 2490 Ibi
512 2401 630 2484 legitur
647 2402 796 2484 qualiter
821 2405 1008 2488 Imperator
1033 2399 1202 2474 interdum
1227 2413 1257 2476 in

112 2543 113 2550 ,
148 2541 154 2551 ,
194 2490 394 2574 ¹paludibus
414 2509 531 2569 usque
543 2489 670 2564 femora
690 2489 806 2564 stabat,
830 2507 980 2572 pugnans
1002 2488 1072 2576 ipse
1094 2509 1129 2558 et
1152 2495 1257 2560 exhor.

216 2591 289 2648 tans
309 2577 448 2650 milites,
461 2588 499 2638 ut
518 2587 712 2655 pugnarent,
734 2588 768 2636 et
788 2571 881 2636 victis
899 2565 1042 2656 paganis,
1063 2575 1170 2644 nimis
1188 2582 1255 2646 acri·

215 2677 268 2728 ter
291 2660 473 2726 trucidabat
498 2678 575 2734 eus,
609 2675 684 2739 prov
699 2659 840 2739 quadam
864 2657 1098 2743 superstitione
1129 2663 1254 2748 illorum

214 2745 466 2812 nefandissima:
490 2745 579 2806 Nam
599 2745 711 2818 tar-tur,
731 2757 769 2806 ut
785 2744 930 2822 quodam
948 2760 1098 2831 tempore
1115 2751 1254 2836 effigiem
1323 2745 1326 2860 i

213 2832 358 2916 ligneam
379 2829 523 2896 cmcifixi
542 2828 684 2894 Domini
711 2828 812 2892 nostri
838 2831 919 2896 Je'su
942 2831 1070 2906 Christi,
1099 2838 1251 2924 seelerato
1323 2833 1324 2838 ’

211 2917 354 2981 ludibrio
376 2917 566 3000 habuissent
586 2912 721 2997 pagani,
749 2929 783 2980 et
803 2913 838 2980 in
858 2936 933 2980 eam
955 2933 1129 2999 spuerent,
1161 2939 1255 3006 atque·

210 3003 359 3088 colaphis
380 2983 571 3080 caed'erent:
594 3001 636 3063 ad
656 3015 843 3085 extremum
864 3001 978 3064 oculos
999 3007 1172 3084 eruebant,
1192 3031 1249 3072 ma·
1322 3007 1324 3106 i

114 3112 117 3121 ¹
210 3107 274 3156 nus
302 3105 337 3154 et
364 3089 468 3172 pedes
496 3087 699 3150 ‘nuncabant
742 3085 843 3152 Haec
857 3085 1028 3153 'ulciscens
1057 3091 1247 3178 Imperator,

209 3177 254 3258 da
276 3172 377 3256 captia
399 3169 738 3258 paganismaximam
760 3171 1003 3240 multitudinem
1032 3193 1092 3256 pro
1119 3197 1190 3243 una
1209 3181 1246 3245 ef·

207 3255 426 3344 figieicmtsti
447 3249 544 3322 simili
565 3257 668 3320 modo
690 3255 865 3332 truncavit,
892 3256 1044 3340 ¹etvaria
1067 3279 1177 3330 morte
1199 3267 1243 3330 de·
1320 3259 1322 3350 Ι

106 3349 116 3355 ’
206 3345 300 3417 levit.
358 3345 488 3408 Idcirco
515 3343 552 3406 in
579 3341 705 3407 eisdem
734 3341 882 3408 versibus
911 3346 1031 3411 Caesar
1058 3347 1146 3414 ultor
1172 3349 1245 3414 fidei

204 3427 360 3508 vocatur,
406 3446 440 3496 et
467 3427 621 3492 >romanis
647 3425 845 3512 principibus
873 3428 951 3494 Tito
978 3441 1013 3494 et
1038 3429 1243 3518 Vespasiano

98 3535 102 3544 ·
140 3525 160 3592 ᾖ
203 3531 419 3604 eomparatur,
441 3516 498 3597 qui
511 3515 547 3577 iu
560 3513 724 3580 ultionem
737 3513 878 3602 Domini
890 3513 1018 3598 triginta
1027 3515 1175 3604 Iudaeos
1187 3543 1241 3604 pro

104 3633 106 3636 ·
200 3617 272 3668 uno
294 3621 437 3676 nummo,
456 3611 753 3680 commutaverant„
769 3620 846 3665 cum
865 3601 986 3666 Judaei
1003 3599 1166 3670 Christum
1185 3627 1240 3688 pro

199 3686 339 3754 totidem
378 3687 518 3778 denariis
554 3684 775 3750 vendiderint.
830 3685 1010 3752 Reversus
1048 3689 1263 3772 Imperarunt

200 3774 363 3858 quicquid
379 3771 537 3838 obstaculi
556 3771 592 3837 in
611 3789 717 3859 regno
737 3769 883 3852 invenit,
909 3769 1085 3858 imperiosa
1108 3774 1236 3862 disjecit.

669 441 678 472 ²
1008 455 1013 492 t

1099 3983 1232 4098 'xxrn
