2664 4754
945 411 948 422 '
1034 395 1105 472 381

50 577 239 664 languida,
273 589 309 642 et
329 577 465 642 seculari
495 577 789 666 eosjurisdicn'oni
817 582 899 648 sacri
920 583 1042 648 eximat
1063 603 1110 646 or·
1131 597 1138 608 ‘

51 666 145 728 dinis
172 663 421 758 praerogativa.⁸
452 669 538 730 Cum
568 667 646 748 efgo
675 689 874 732 memoratus
904 671 1053 750 princeps
1075 668 1111 730 in
1161 663 1163 670 ’

48 752 174 833 paleas
201 749 278 812 sacri
302 747 435 825 ordinis,
456 751 491 812 id
512 767 570 827 est,
590 743 792 816 facinorosos
815 755 949 817 clericos
971 755 1027 816 vel
1051 752 1111 815 dis·
1214 829 1215 836 ἵ

53 836 245 899 cutiendos
264 834 320 895 vel
342 835 540 914 puniendos,
567 854 657 899 nova
686 835 847 917 quiedam
878 855 993 904 statuta
1020 837 1111 906 fecis·
1182 831 1187 846 '

53 937 118 998 set,
130 921 183 994 ,in
209 917 336 1000 quibus,
351 922 410 996 (ut
432 917 555 1004 dictum
577 923 649 1006 est)
671 925 810 984 modum
832 945 902 986 non
924 923 1047 988 tenuitr‘
1066 923 1111 986 ita

53 1021 95 1067 ur
125 1006 273 1068 demum
302 1005 535 1070 credidit'fore
563 1022 640 1083 rata,
680 1008 707 1070 sl
742 1008 1111 1089 episcoporumyessent

56 1107 236 1153 consensu
269 1091 427 1151 roborata.
460 1087 462 1093 ⁸
494 1092 690 1154 Convocatis
724 1113 802 1176 ergo
837 1095 878 1155 ad
910 1091 1110 1170 eliciendum

57 1191 271 1257 quocunque
285 1174 386 1235 modo
402 1193 600 1250 consensum
618 1178 791 1260 episcopis,
811 1177 854 1240 ita
871 1199 988 1242 omnes
1004 1194 1112 1256 usque
1147 1183 1150 1198 ’

58 1263 101 1322 ad
124 1279 250 1334 unum,
275 1259 329 1320 vel
351 1261 486 1338 pellexit
508 1262 679 1339 blanditiis,
703 1265 758 1325 vel
780 1263 908 1345 infregit
926 1261 1111 1338 terroribus,
1235 1331 1239 1341 Δ

58 1361 97 1408 ut
126 1344 244 1430 regiae
275 1345 435 1407 voluntati
464 1347 650 1409 cedendum
678 1351 928 1430 parendumque
951 1347 1112 1428 putarent,
1170 1353 1172 1358 ’
1239 1419 1244 1430 θ

59 1446 289 1498 etnoverum
311 1427 421 1510 legem
441 1429 569 1520 illarum
599 1433 828 1514 conscriptioni
858 1433 987 1514 propria
1009 1432 1113 1514 sigilla

60 1519 289 1596 apponerent,
334 1517 450 1594 Usque
480 1518 520 1577 ad
541 1536 647 1578 unum
670 1519 744 1579 dico
764 1539 841 1579 nam
864 1519 952 1580 solus
975 1520 1125 1594 Centum

55 1602 182 1664 'riensis
214 1599 389 1682 episcopus
417 1601 522 1663 flexus
551 1623 619 1663 nou
649 1617 714 1678 est,
746 1605 806 1666 sed
833 1605 874 1665 ad
897 1623 1031 1676 ornnem
1056 1603 1112 1664 im·

60 1687 201 1768 pulsum
232 1684 318 1760 stetit
345 1685 530 1748 immobilis.
579 1689 787 1768 Tunclvero
815 1695 904 1750 tanto
932 1687 1113 1751 vehemen·
1150 1697 1152 1702 '
1254 1683 1256 1688 ’

63 1771 127 1832 tius
158 1769 249 1857 regis
278 1766 312 1832 in
342 1792 420 1833 eum
447 1773 538 1833 furor
570 1772 732 1848 efferbuit,
763 1789 886 1854 quanto
918 1773 988 1855 ipse
1010 1771 1113 1856 regali

64 1855 346 1938 magnificentiae,
363 1855 499 1920 ratione
522 1857 587 1919 dati
615 1873 649 1922 et
669 1859 799 1940 accepti·
820 1857 922 1941 magis
945 1859 1113 1921 obnoxius

64 1941 256 2032 videbatur.
299 1941 401 2003 Unde
429 1963 487 2004 rex
516 1942 625 2024 coepit
651 1944 684 2006 ei
706 1943 812 2025 gravis
835 1947 991 2019 existere,
1024 1961 1112 2006 occa·

65 2025 217 2088 sionibus
242 2045 320 2089 eum
349 2027 572 2107 undecunque
603 2027 769 2108 exquisitis
802 2031 948 2110 pulsare,
981 2049 1111 2103 eorum,

66 2131 153 2190 quae
177 2111 262 2172 olim
289 2112 324 2173 in
345 2131 448 2192 regno
478 2113 687 2175 cancellarius
714 2115 846 2194 fecerat,
874 2115 1034 2178 rationem
1058 2107 1136 2192 eit-y

66 2217 220 2278 poscere.
264 2197 330 2260 Ille
352 2195 515 2278 intrepida
536 2191 682 2261 libertbte
705 2197 888 2280 respondit,
922 2219 966 2263 sev
980 2199 1112 2281 expleta

67 2282 208 2349 seculari
233 2282 355 2356 militia,
383 2281 540 2344 ecclesiae
563 2281 748 2364 aprincipe
771 2283 823 2345 cui
847 2284 1038 2348 militaverat
1061 2287 1113 2345 ab·

48 2369 175 2448 ¹solute.
198 2367 301 2430 fuisse
325 2365 510 2442 dimissum,
542 2383 605 2430 neo
628 2369 749 2432 debere
778 2369 871 2430 inse
893 2387 953 2450 pet
974 2369 1113 2430 occasio·
1143 2407 1145 2417 ι
1179 2392 1182 2403 ’
1226 2394 1234 2406 ’

69 2471 148 2514 nem
180 2454 408 2535 magisquarn
431 2452 600 2530 veritatem
623 2469 737 2522 vetera
758 2453 920 2534 replicaris
959 2456 1114 2532 Cumque

68 2535 193 2601 indies
218 2537 299 2619 regii
321 2537 437 2626 furoris
460 2555 576 2600 causae
598 2538 871 2618 ingravescerent.
886 2559 937 2601 'eo
957 2537 1021 2609 die,
1042 2548 1112 2617 quo

70 2622 202 2706 plenius
215 2638 431 2704 responsurus
444 2637 511 2684 erat
524 2625 680 2706 objectis,
703 2625 852 2688 solemne
868 2623 950 2686 illud
968 2621 1114 2695 officium

73 2709 114 2769 de
136 2711 243 2772 beato
264 2708 449 2789 Stephano,
471 2707 606 2772 scilicet:
628 2710 784 2782 sederunt
805 2707 984 2791 principes,
1007 2723 1040 2772 et
1063 2709 1114 2769 ad·
1162 2759 1165 2766 ⁴

72 2813 208 2854 versum
232 2815 287 2859 rne
309 2793 542 2874 loquebantur,
577 2809 610 2856 et
632 2794 738 2874 iniqui
760 2793 924 2876 persecuti
950 2809 1113 2868 suntme,

71 2875 299 2955 jussit‘corarn
328 2897 363 2942 se
391 2877 426 2938 ‘in
450 2878 668 2942 celebratione
691 2879 835 2964 sacrificii
849 2879 1037 2944 solenniter
1061 2879 1115 2942 de·

52 2965 204 3025 cantari.
233 2965 332 3026 *Mox
355 2962 475 3024 curiam
498 2962 661 3046 ingressus
680 2973 750 3038 est,
774 2985 904 3028 crucem
927 2979 1115 3046 argenteam
1192 2997 1195 3002 ·
1236 2978 1252 3016 a*

74 3062 147 3118 ante
169 3069 207 3112 se
230 3049 349 3130 portari
372 3048 499 3110 solitam
521 3069 621 3113 manu
642 3051 771 3136 propria
793 3051 949 3132 bajulans.
988 3049 1115 3110 Volen-

76 3131 228 3213 tibusque
251 3135 447 3212 quibusdam
460 3134 711 3216 ¹episcoporum,
731 3136 788 3216 qui
810 3138 953 3208 aderunt,
974 3133 1116 3196 ministe·
1179 3211 1181 3217 s

73 3215 159 3277 riuur
186 3219 366 3298 portandae
395 3233 470 3281 ante
499 3221 790 3302 metropolitanum
816 3220 983 3302 proprium
1012 3219 1115 3280 crucis

78 3299 259 3384 suscipere,
281 3303 409 3380 abnuit,
438 3324 501 3366 nec
523 3302 621 3366 alium
652 3305 685 3366 in
712 3307 769 3371 illo
792 3319 960 3370 conventu
982 3305 1115 3387 publico
1149 3359 1152 3363 .

77 3387 177 3450 crucis
206 3389 369 3470 bajulum,
399 3403 691 3472 quantumcunque
720 3405 865 3472 rogatus,
896 3390 1034 3454 admisit.
1078 3393 1114 3454 ls

79 3483 234 3550 tanquam
264 3475 530 3536 excandescentis
563 3475 631 3557 jam
665 3477 782 3538 furoris
813 3476 997 3553 fomitibus,
1035 3495 1114 3556 rege

55 3613 58 3621 .
78 3572 171 3636 supra
195 3579 253 3621 mo
278 3569 335 3646 um
358 3559 575 3634 inflammato,
595 3561 762 3642 'sequenti
783 3578 880 3635 nocte
903 3565 986 3624 clam
1008 3558 1117 3642 pro'fu-
1216 3553 1235 3575 ’Χ

80 3639 169 3718 giens
192 3645 424 3720 transfretavit,
447 3659 487 3707 er
502 3661 671 3726 susceptus
692 3645 872 3710 honorifice
895 3669 914 3709 a
935 3667 1030 3729 rege,
1058 3664 1115 3705 no·
1203 3647 1208 3654 '

79 3723 211 3802 bilibus,
241 3729 468 3812 episcopisque
491 3728 791 3812 Francorumjpro
820 3747 969 3813 ternpore
990 3730 1115 3793 ibidem

49 3845 51 3852 ,
79 3813 235 3876 censedit.
295 3817 369 3877 Rex
397 3835 479 3878 vero
514 3815 704 3900 Anglorum
737 3817 772 3878 in
799 3819 970 3882 absentem
996 3815 1116 3878 irratio·

80 3895 228 3960 nabiliter
248 3901 410 3975 saeviens,
434 3916 467 3962 et
488 3899 561 3982 plus
580 3919 679 3984 quam
702 3901 834 3964 deceret
854 3903 1046 3985 principem,
1069 3887 1114 3963 ef·
1179 3943 1186 3966 ,
1214 3934 1218 3944 >

80 3976 223 4046 frasneto
240 3985 345 4050 furori
365 3985 564 4068 indulgetur*
578 3985 747 4052 indecora
776 3985 858 4052 satis·
879 4003 913 4053 et
938 3983 1124 4134 nliselrabili.
1272 3987 1276 3995 “

260 4083 262 4108 ⁴
986 4075 1131 4140 utione'
1179 4093 1180 4097 ’
