2628 4748
78 285 380 462 'isto'

197 585 199 594 .
235 531 404 618 proximae
435 523 571 596 civitatis
602 524 865 600 lamentabilem,
904 539 978 592 ante
1011 527 1126 592 oculos
1157 535 1257 616 ponit,

236 615 427 700 captivitatis
447 613 670 685 acerbitatem,
685 611 895 674 dominorum
913 612 1030 694 jugum
1051 615 1258 698 importabile,

235 699 412 768 servitutis,
441 713 620 762 extremam
662 695 812 764 omniunt
854 697 1079 762 conditionem
1121 705 1258 784 exponit.

113 798 116 809 ¹
199 809 201 816 ’
234 774 314 854 Erat
334 787 367 848 itt
390 773 511 848 eodem
534 778 659 844 domini
678 781 763 862 regis
785 781 929 844 exercitu
951 781 1001 844 vir
1027 784 1181 864 quidam,
1217 811 1258 854 se.

152 885 156 894 ’
235 873 381 936 cundum
403 887 533 930 carnem
554 867 691 940 nobilis,
713 867 773 928 sed
794 867 939 928 motibus
961 867 1122 948 degener,
1156 875 1278 954 neque

234 959 350 1022 Deum
370 953 498 1025 timens,
519 971 630 1028 neque
648 952 689 1020 att
707 950 876 1016 homiuem
894 951 1019 1015 habens
1036 957 1258 1034 reverentiam,

234 1043 319 1105 Milo
342 1037 494 1102 videlicet
516 1037 558 1098 de
579 1033 709 1110 Planci,
736 1035 838 1097 homo
860 1035 1121 1113 inverecundus,
1151 1043 1257 1104 clamo

233 1145 306 1199 aus,
333 1124 508 1194 detractor,
536 1119 721 1200 seditiosus.
768 1120 837 1192 Hic
864 1120 1111 1186 immoderatam
1134 1118 1257 1190 'domini

233 1209 317 1292 regis
345 1223 546 1288 cognoscens
576 1203 758 1279 avaritiam,
792 1205 909 1268 volens
938 1206 1045 1286 potius
1073 1207 1104 1274 ei
1139 1231 1257 1276 morem

233 1313 364 1378 gerere,
387 1308 487 1372 quem
508 1289 698 1352 salutaribus
719 1309 798 1352 eum
819 1307 956 1354 monere
978 1291 1139 1369 consiliis,
1167 1298 1258 1359 consi·
1306 1351 1307 1356 ,

232 1381 312 1442 lium
336 1378 470 1442 dederat
492 1377 531 1435 ab
552 1373 661 1447 initio,
694 1387 727 1436 et
748 1374 907 1438 obstinate
930 1377 1115 1457 seduloque
1138 1401 1257 1462 persua.

220 1465 347 1537 debat,
373 1475 411 1523 ut
432 1460 473 1524 ad
494 1460 559 1522 hoc
579 1459 783 1540 potissimum
805 1459 896 1524 deret
922 1481 1072 1540 operam,
1101 1479 1143 1526 ut
1163 1485 1255 1548 reguo

231 1549 268 1612 in
289 1545 451 1632 praedicta
472 1542 647 1624 quantitate
669 1544 822 1618 multato,
852 1565 926 1606 cum
949 1547 1180 1628 Galypho,;et
1200 1553 1255 1612 Scl-

232 1635 318 1696 dano
351 1645 488 1696 tentaret
519 1647 736 1709 componere,
769 1649 882 1714 quam
902 1629 1028 1694 Cehere
1057 1647 1093 1698 et
1125 1635 1255 1716 Babylo-
1306 1703 1307 1708 η

230 1719 320 1781 niam
340 1715 504 1778 violenter
524 1715 715 1796 effringere:
746 1731 815 1774 non
838 1713 930 1794 quia,
952 1731 989 1778 ut
1009 1715 1144 1788 dicitur.
1169 1740 1255 1800 posse
1306 1719 1307 1762 ἓ

230 1803 300 1867 fieri
323 1803 519 1882 desperaret,
540 1799 600 1862 sed
621 1813 657 1860 ut
678 1797 776 1860 elusis
799 1799 961 1874 militibus,
983 1817 1017 1864 et
1037 1803 1185 1878 caeteris,
1206 1807 1255 1885 qui

231 1887 272 1952 ad
294 1889 448 1968 praedam
469 1903 585 1944 manus
614 1897 647 1946 et
668 1883 794 1945 animos
816 1883 1037 1960 intenderant,
1066 1887 1254 1952 universum

182 2007 187 2020 ·
229 1973 309 2034 tanti
330 1969 447 2032 laboris
468 1969 750 2042 emolumentum,
782 1967 817 2030 itt
844 1969 1070 2052 regisfiscum
1092 1974 1254 2038 videretur

136 2095 150 2113 ι,
228 2056 445 2124 introducere.
488 2048 690 2134 Expugnatis
707 2053 796 2115 enim
813 2053 977 2118 violenter
992 2057 1140 2133 urbibus,
1162 2059 1253 2142 longe

210 2135 396 2222 ¹uberiores
423 2137 532 2202 solent
557 2137 716 2200 exercitus
740 2140 782 2202 de
804 2139 917 2220 spolias
938 2159 1102 2222 reportare
1126 2145 1252 2220 fructus,

226 2241 329 2304 quam
348 2222 406 2285 ubi
425 2221 555 2303 regibus
577 2237 610 2286 et
631 2221 830 2304 principibus
858 2227 918 2290 sub
946 2227 1096 2305 quodam
1115 2229 1251 2292 foederis

226 2329 333 2382 nexu,
359 2307 453 2372 certis
475 2303 732 2381 conditionibus,
759 2309 835 2388 ipsis
864 2323 989 2372 tantum
1011 2311 1253 2382 dominisvkutili·

225 2395 297 2466 bus,
322 2393 554 2474 mancipantur.
614 2392 669 2454 Ibi
690 2391 790 2468 enim,
812 2407 926 2474 utpote
947 2387 1093 2498 iristanto
1115 2391 1252 2462 tumultu

224 2494 260 2542 et
280 2477 535 2560 depopulatione
556 2477 709 2550 confusa,
736 2479 826 2556 quod
846 2479 966 2560 cuique
988 2501 1192 2563 quocunque
1213 2507 1253 2546 ca.
1305 2525 1306 2536 t

223 2577 264 2626 sta
286 2563 531 2643 omunia-jure
553 2561 631 2624 belli
652 2563 822 2643 occupanti
843 2564 1048 2641 conceditur,
1070 2582 1105 2630 et
1129 2572 1251 2632 victoris

224 2660 323 2730 auget
342 2647 539 2729 periculutnt
570 2647 615 2710 ibi
643 2665 725 2710 vero
758 2647 835 2711 solis
854 2649 983 2732 regibus
1006 2665 1182 2718 tractamur
1202 2655 1251 2717 uti-

138 2755 154 2790 ·.
221 2733 277 2807 tia,
298 2751 332 2797 et
354 2753 458 2812 quae,¹
471 2731 687 2806 sit-accedunt,
709 2731 776 2794 fisci
794 2732 921 2812 juribus
942 2733 1162 2812 vindicantur.
1212 2743 1251 2822 Fr

221 2817 298 2884 ticet
319 2817 449 2897 regibus
465 2832 505 2880 et
525 2815 766 2878 sublimioribus
789 2817 1006 2897 potestatibus,
1027 2825 1192 2887 accedens
1210 2825 1249 2886 in·

217 2918 443 2980 crementum,
463 2900 497 2962 in
519 2897 722 2962 subditorum
741 2901 890 2964 videatur
910 2905 1248 2986 redundare'divitias,

128 3035 131 3044 Δ
220 3004 254 3051 et
277 2986 425 3048 omnium
447 2983 648 3068 opulentiam
670 2987 853 3060 cumulare,
875 3001 985 3051 tamen
1007 2991 1136 3054 avidius
1159 3009 1247 3074 quae·

219 3089 350 3146 tumtur,
382 3091 467 3152 quae
489 3067 785 3133 familiares-ditent
804 3071 903 3146 lares,
935 3088 969 3135 et
991 3075 1182 3144 domesticis.
1207 3079 1246 3140 io·

217 3173 369 3220 seruntur
396 3155 584 3218 rationibus.
643 3154 713 3242 Hie
736 3154 847 3238 itaque
876 3157 1138 3222 altercationibus
1168 3161 1248 3224 dissi·

219 3241 356 3304 debant:
391 3259 463 3322 pars
484 3240 642 3313 maxima,
674 3237 774 3322 diripi
792 3257 923 3316 cuncta,
943 3245 1096 3306 'et-*ferro
1119 3245 1247 3310 decerni

196 3323 204 3394 “,
217 3322 364 3408 petebata
385 3345 443 3388 rex
465 3343 574 3388 autem
596 3345 671 3388 cttm
694 3327 759 3386 suis
781 3331 904 3406 partem
925 3321 1183 3410 amplectebatur
1198 3353 1246 3416 op·
1304 3355 1305 3416 }

156 3409 174 3494 ι’
216 3410 371 3493 positam:
391 3409 573 3490 praevaluit
593 3425 704 3472 tamen
724 3412 886 3474 sententia
907 3413 1066 3493 posterior
1087 3430 1121 3478 et
1142 3417 1245 3499 regiae

74 3536 76 3544 ,
162 3534 167 3544 ι
216 3494 411 3558 satisfactum
433 3509 483 3557 est
503 3495 673 3556 voluntati.
714 3491 839 3556 Locatis
861 3496 1095 3577 igitur‘nostrit
1116 3499 1154 3562 in
1176 3503 1244 3564 vico

215 3579 481 3660 praenominato,
516 3578 572 3658 qui
599 3599 617 3640 a
645 3579 772 3643 Cehere
801 3579 948 3660 quinque
975 3599 1032 3645 aut
1062 3605 1122 3648 sex
1155 3587 1244 3652 distat

173 3684 178 3689 ·
215 3661 409 3737 miliaribus,
440 3683 528 3744 pene
550 3664 782 3728 continuuset
802 3685 861 3746 pro
878 3668 1044 3748 ‘cujusque
1065 3683 1136 3730 erat
1154 3670 1243 3734 inter·

214 3761 345 3830 prelum
367 3763 400 3810 et
419 3747 609 3810 nuntiorum
632 3747 802 3810 discursus.
835 3751 928 3812 Dum
950 3751 1046 3832 igitur
1065 3753 1160 3837 quasi
1180 3775 1242 3818 suc-

213 3835 370 3898 cedentes
392 3829 451 3893 sibi
468 3834 513 3910 ad
534 3852 648 3913 regem
671 3831 776 3916 dirigit
796 3831 1058 3915 legatione‘sset
1078 3854 1180 3919 quam
1201 3859 1242 3902 se·

213 3917 311 3980 dulus
332 3916 373 3981 eit
391 3917 428 3981 in
448 3917 632 4001 colligenda
645 3917 785 3999 pecunia
801 3917 967 4002 siguificat,
989 3935 1060 4008 orat
1075 3921 1183 4000 etiam,
1201 3945 1242 3988 ue

1211 4021 1304 4086 ert
