2628 4748
196 355 448 478 ⁸30²‚⁵-.
538 393 541 398 ·
618 427 658 454 ,1
739 393 798 446 κ

222 547 410 630 Addimus,
433 563 466 616 et
484 549 605 632 J'ustarra
628 549 739 634 legunt
764 546 980 652 proponimus
1003 535 1113 616 iram.

116 639 120 644 ’
221 646 321 712 Hanc
343 656 494 724 proceres
514 638 631 714 cuncti,
654 656 785 714 comes,
800 657 842 700 an
860 637 939 710 dux,
960 637 1117 714 marchio,
1129 637 1265 713 consul,

191 731 196 738 “
221 731 267 796 Et
287 747 362 790 cum
343 663 559 820 pjudicibus,
577 723 753 806 capitanea
775 724 879 798 turba,
901 721 1066 798 verendis,

123 877 126 895 ,
151 857 156 864 -
220 814 332 887 Miles,
355 827 509 896 paganus,
531 807 631 884 cives,
657 807 872 888 simulatque
894 807 1087 880 colonus,
1138 813 1141 820 '

221 901 362 965 Etcum
386 889 518 992 plebeio
541 894 659 974 pariter
679 913 789 976 grege,
811 889 929 954 nobilis
953 891 1109 968 ordo,

81 1041 84 1048 .
139 1059 142 1065 .
222 985 352 1050 Omnes
375 979 500 1054 hanc‚'
491 987 644 1062 mquam,
666 981 796 1064 penitus
819 997 1047 1076 quoscumque
1069 994 1134 1042 nec
1157 991 1246 1042 aetas
1309 1005 1310 1008 ¹

220 1066 412 1164 Pupillaris
417 1065 533 1137 habet,
562 1085 625 1130 nec
647 1064 907 1148 septuagesimus
929 1082 1034 1134 annus

224 1148 438 1235 contigitis
461 1149 608 1212 medium
632 1150 786 1212 concordi
808 1147 978 1216 foedere
964 1161 1160 1247 Jurent3

222 1239 278 1305 Ac
300 1239 449 1302 nerone
473 1255 580 1298 sacrae
592 1237 742 1308 veniant
765 1233 887 1298 oblivia'
908 1233 1028 1318 pacis,

120 1376 125 1382 .
222 1325 355 1408 Singula
374 1323 512 1404 juratam
538 1335 703 1418 renovent
724 1316 952 1402 quinquennia
972 1319 1124 1384 formam.

222 1409 346 1476 Judicis
368 1407 478 1469 officio
502 1425 559 1466 sua
582 1405 688 1470 cuncti
707 1405 781 1486 jura
806 1419 995 1486 sequanturJ

123 1553 125 1567 ,
210 1481 488 1571 'contineantque
513 1513 663 1566 manum,
686 1492 831 1574 vaginae
847 1489 991 1552 redditus
1015 1489 1101 1553 ensis

104 1595 115 1613 ¹
138 1639 141 1644 .
221 1581 385 1661 Torpeat,
407 1593 440 1640 et
462 1576 568 1642 scabie
592 1577 716 1650 rubeat,
738 1597 807 1638 non
830 1574 988 1656 sanguine
1000 1567 1144 1640 ferrum.

186 1709 199 1716 -
222 1665 320 1732 At
294 1685 323 1726 st
345 1665 429 1744 quid
448 1679 572 1726 temere
596 1661 790 1742 contemptis
812 1662 939 1759 legibus
962 1677 1081 1736 actum,

222 1753 266 1818 Et
288 1751 408 1814 violata
430 1771 539 1812 sacrae
561 1748 659 1812 fuerit
681 1749 866 1812 reverentia
889 1746 989 1846 pacis,

221 1839 309 1904 Urbs
332 1852 466 1902 rentum
489 1833 575 1900 libris
599 1833 696 1916 puri
693 1823 901 1894 mulctabitur
921 1831 1006 1896 auri:
1092 1829 1099 1836 '

222 1923 356 2006 Oppida
379 1921 522 1993 vicenis,
552 1936 583 1982 at
606 1909 765 1993 marchio,
788 1936 848 1982 seu
870 1937 999 1994 comer,
1021 1929 1076 1982 aut
1097 1915 1164 1986 dux

221 2009 465 2106 Quinquagena'
488 2004 575 2073 dabit
596 2006 684 2102 laesa
705 2025 764 2086 pro
786 2025 866 2086 pace
889 2005 1020 2104 talenta,

166 2151 168 2154 .
220 2097 394 2186 Magnates
417 2091 470 2152 bis
489 2093 575 2154 dena
597 2087 667 2158 viri
689 2089 738 2152 bis
761 2109 840 2154 sena
863 2089 1019 2154 minores
1176 2155 1179 2163 J

220 2173 384 2254 Vulnera,
406 2177 466 2251 vis,
489 2178 617 2274 caedes,
638 2175 733 2250 livor,
756 2175 915 2240 mutilatio
938 2172 1087 2254 membri,

219 2259 377 2336 Insidiae,
399 2259 570 2334 fraudes,
561 2261 687 2344 rnjuria,
709 2261 802 2336 furta,
824 2261 967 2343 rapinae,
1026 2293 1044 2338 Ι

218 2349 419 2428 Damnaque
442 2347 592 2448 legitimis
615 2347 812 2412 mulctentur
832 2347 960 2412 subdita
979 2343 1111 2432 poenis,

219 2433 339 2514 Major,
367 2431 425 2514 qui
443 2429 534 2515 pacis
557 2451 659 2496 noxas
682 2435 798 2534 punire
819 2449 956 2510 recusat,

219 2518 403 2584 Convictus
417 2519 539 2600 judex,
568 2516 651 2582 sulvi
674 2517 720 2580 bis
743 2518 890 2600 quinque
913 2513 1035 2582 metalli

217 2603 404 2688 Appendet
424 2606 519 2666 libras
541 2605 765 2703 damnumque
788 2601 939 2686 resarciet
960 2621 1061 2670 omne

177 2699 180 2704 ’
217 2689 319 2772 Legis
343 2691 385 2754 ad
408 2689 588 2752 arbitrium.
610 2689 718 2780 minqr
740 2705 838 2770 atque
859 2685 1071 2770 pedaneus,
1060 2707 1097 2764 111
1119 2699 1178 2752 tres

136 2801 148 2814 ·
218 2775 498 2842 Condemnandus
522 2776 595 2838 erit:
617 2795 716 2856 quus
731 2777 861 2840 fortuna
882 2775 1032 2837 laborans
1238 2775 1250 2792 ''

216 2862 298 2926 Nun
319 2860 403 2944 potis
427 2877 474 2922 est
497 2881 575 2922 auro
598 2862 755 2941 poenales
777 2861 908 2924 solvere
930 2860 1045 2936 ndxas,
1163 2923 1186 2944 ,ι

215 2944 391 3010 Arctatum
413 2943 545 3042 vipclis,
571 2945 788 3032 gravioraque
812 2947 949 3010 verbera
966 2947 1112 3028 passum,

217 3031 357 3094 Sedibus
381 3051 400 3094 a
421 3029 532 3112 patriis
556 3031 645 3092 hunc
666 3026 967 3114 quinquagesimus,
989 3050 1095 3092 annos

215 3116 388 3180 Ambveat
409 3137 470 3200 per
491 3116 649 3214 quinque,
670 3115 761 3200 lapis,
784 3115 984 3195 tandemque
1006 3112 1158 3194 reverti

83 3254 109 3276 s.
214 3201 278 3264 Fas
301 3202 341 3268 sit
363 3218 394 3265 et
416 3217 543 3282 optatos
564 3201 684 3284 patriae
707 3200 897 3282 contingere
919 3197 1014 3266 fines.

214 3286 270 3350 Ne
294 3287 573 3362 conventiculum,
596 3287 659 3348 vel
674 3285 869 3386 conspiratio
891 3283 957 3362 fiat,

215 3370 292 3436 Sive
315 3372 463 3444 sodalitii,
487 3392 545 3433 seu
564 3371 667 3452 juncti
690 3369 854 3452 sanguinis
877 3385 948 3434 astu
1039 3427 1041 3433 ,

107 3525 109 3529 ,
146 3487 151 3498 ·
213 3454 390 3534 Urbibus
383 3477 415 3519 111
438 3457 564 3530 nostris,
588 3457 643 3518 tali
667 3457 823 3537 sublege
847 3453 1026 3519 vitamus.

215 3541 283 3628 Qui
305 3542 474 3604 convictus
493 3541 565 3624 11ῐ1,
586 3541 668 3606 libra
689 3539 895 3603 mulctabitur
916 3539 997 3606 auri.

213 3626 401 3702 Pontifices,
424 3614 590 3707 sanctique
610 3643 718 3708 patres
733 3626 947 3692 anathemate
970 3645 1117 3704 saepo
1152 3681 1154 3686 .

70 3755 73 3771 .
198 3712 382 3792 Spretores
404 3711 502 3792 pacis,
525 3713 755 3790 damnataque
764 3711 892 3792 legibus
916 3729 1011 3772 ausos

150 3816 163 3846 ν
212 3795 386 3881 Intrepide
408 3793 534 3872 feriant,
557 3795 798 3878 humanaque
787 3816 860 3875 Jura
882 3795 1066 3876 supernis

104 3891 106 3898 ’
212 3875 380 3965 Legibus,
390 3895 423 3946 et
441 3881 575 3962 justum·
571 3881 740 3946 studeant
761 3879 885 3945 sancire
907 3880 1100 3946 timoremf

117 4018 129 4035 ..
212 3965 386 4066 Hactenus
406 3965 537 4034 Italicas
558 3965 634 4032 lieri
652 3977 810 4032 consueta
830 3985 891 4060 per
912 3967 1010 4030 urbes
1100 4046 1106 4056 ⁶
1181 4049 1214 4116 Α

824 4081 828 4090 .
874 4073 879 4082 .
1114 4091 1119 4110 ,
1214 4071 1240 4112 n,
