2664 4754
231 363 307 464 tss

229 577 265 630 ct
285 562 462 628 redeuntes
492 559 666 642 quoslibet'
684 577 793 642 aequo
814 555 1012 630 sinuamina?
1032 559 1291 627 exscindendo,

227 649 403 738 Quosdam
441 667 525 712 vero
561 667 605 712 ex
637 642 795 710 Romanis
827 643 985 718 Achivis,
1029 645 1088 728 qui
1121 665 1283 710 nonnun,

230 755 330 816 quam
354 729 564 800 delirantibus
591 729 733 794 dominis
745 727 844 792 =varia
872 749 1053 810 poenarum
1086 733 1284 799 inflictione

230 821 433 902 plectuntur,
464 833 636 900 postquam
665 814 701 878 in
730 813 931 880 ferocitatem
953 814 1151 880 concitatam
1172 837 1284 882 saeve

231 905 390 968 Gallicam
411 903 604 978 inciderunt,
626 921 695 975 rex,
716 899 752 964 in
773 897 903 982 signum
925 916 959 964 ct
976 903 1175 966 memoriale
1192 905 1283 984 ejus,

231 991 322 1070 quod
351 989 509 1071 perversis
537 985 726 1050 volubiliter
753 985 884 1062 animis,
916 985 983 1050 fide
1011 987 1178 1068 abjurata,
1214 1009 1283 1068 qua

232 1076 390 1138 ecclesias
427 1077 622 1140 tenebantur
649 1086 683 1134 et
709 1069 785 1144 sibi,
824 1086 1059 1136 attentaverant
1096 1073 1283 1137 temerarie

230 1175 342 1222 contra
365 1155 551 1233 eum,'fecit
572 1155 755 1220 obtruncari
777 1155 926 1238 pedibus.
967 1159 1011 1222 Et
1032 1159 1173 1224 tandem
1200 1179 1280 1220 con-

234 1243 395 1318 siderans,
417 1245 508 1324 quod
531 1263 572 1308 ex
595 1241 785 1323 hujusmodi
806 1241 992 1324 aspectione
1014 1243 1187 1326 opprobrii
1213 1247 1281 1306 Ro·
1307 1285 1308 1352 p

229 1328 320 1392 mani
340 1345 489 1412 poterant
510 1325 699 1410 provocari,
727 1345 805 1388 usus
826 1326 964 1390 consilio
986 1327 1120 1404 saniori,
1146 1331 1281 1411 glome·
1307 1367 1309 1436 p

229 1431 315 1478 ratos
343 1415 563 1495 reductosque
584 1412 666 1474 infra
694 1425 786 1492 septa
806 1411 975 1492 cujusdam
997 1415 1182 1488 clausurae,
1207 1436 1280 1474 mu·
1308 1439 1309 1442 ¹

228 1519 341 1562 rorum
367 1500 487 1562 fabrica
516 1498 769 1576 circumquaque
791 1497 918 1570 vallata,
947 1497 1101 1564 incendio
1125 1500 1279 1572 tradidit,
1309 1478 1310 1520 ¹

229 1601 263 1648 et
291 1585 376 1666 igne.
396 1581 582 1646 consumsit.
634 1581 752 1662 Coepit
778 1579 873 1661 igitur
902 1581 944 1645 de
964 1583 1161 1648 victorioso,
1186 1586 1277 1668 regis
1310 1574 1311 1616 t

230 1669 420 1751 triumpho,
440 1669 527 1732 lama
556 1669 761 1742 crebescere,
789 1685 874 1744 quae
896 1669 1040 1730 volando
1063 1671 1183 1732 denuo
1206 1683 1277 1732 suc·
1311 1672 1312 1680 ’

230 1758 405 1818 crescebat.
448 1755 549 1816 Unde
577 1753 625 1818 rei
654 1750 788 1816 veritate
817 1751 904 1813 urbis
933 1754 1089 1832 patefacta
1111 1754 1278 1837 magnati·
1312 1768 1313 1776 ’

228 1842 306 1915 bus,
340 1855 373 1904 et
394 1823 599 1904 inferioribus
622 1835 719 1900 etiam
740 1852 896 1910 reserata,
925 1838 1089 1902 Gebellini
1111 1859 1198 1901 suos
1223 1842 1278 1903 de·
1313 1864 1314 1880 ¹

227 1924 357 2005 plorant
377 1923 526 1996 amissos,
555 1939 734 2000 caesosque
755 1937 943 1996 recensent,
972 1923 1028 2002 qui
1049 1923 1192 1988 fuerunt
1216 1923 1277 2006 pri·
1314 1960 1315 1966 κ

228 2009 282 2071 die
304 2010 392 2072 bello
415 2007 562 2088 peremti.
597 2009 673 2068 Hos
696 2004 796 2081 enim,
819 2023 946 2086 praeter
967 2008 1045 2070 alios
1070 2007 1276 2090 praedictos,
1315 2058 1316 2064 κ

227 2113 301 2155 cara
322 2093 456 2160 ulterius
478 2091 600 2154 uxoria'
614 2111 684 2152 non
705 2107 855 2172 expectet
873 2093 1026 2168 affectio,
1058 2115 1120 2156 neo
1149 2093 1276 2156 thorus

228 2179 309 2242 utra
331 2192 456 2260 repetat
477 2173 666 2260 conjugatu.
708 2174 878 2239 videncet
903 2177 1102 2258 stephanon
1133 2179 1180 2242 de
1213 2180 1277 2241 At.
1316 2154 1317 2216 t

227 2265 338 2340 berto,
378 2261 596 2326 Alberucium
629 2275 662 2326 et
689 2260 878 2328 Johsunem
901 2262 943 2324 de
972 2265 1153 2345 Gaporella,
1191 2275 1276 2326 c'urn
1317 2249 1318 2314 l

227 2350 345 2428 quibus
373 2346 407 2410 in
436 2349 523 2411 bello
555 2348 625 2411 siue
654 2345 790 2409 nomine
819 2346 994 2409 multitudo
1022 2349 1170 2431 peditum
1202 2351 1273 2411 Ro
1318 2346 1319 2382 ¹

224 2455 399 2505 manorum
423 2431 674 2510 irrevocabiliter
696 2447 746 2496 est
767 2432 918 2513 collapsa.
962 2435 1079 2497 Petrus
1098 2455 1180 2498 vero
1201 2435 1275 2496 Ro·

227 2519 333 2594 mani,
356 2523 497 2582 Romam
513 2519 649 2582 'rediens
671 2531 740 2579 non
762 2513 952 2593 incolumis,
979 2520 1039 2582 sed
1059 2507 1274 2582 Gallicorum

228 2603 414 2685 ingentibus
436 2603 550 2665 ictibus
566 2604 759 2675 mallemus,
788 2603 998 2682 permodica
1030 2604 1147 2667 vivens
1175 2615 1298 2682 'tem-¹

132 2757 134 2765 ¹
228 2709 317 2771 pora,
340 2703 506 2772 praetextu
531 2701 738 2770 receptorum
759 2694 935 2750 munierum
956 2703 990 2752 et
1009 2688 1062 2750 illa
1080 2687 1272 2766 occasione,

189 2807 208 2846 0
227 2789 301 2836 ante
324 2775 455 2836 fatalem
477 2773 565 2837 diem
588 2772 699 2834 mortis
721 2771 881 2836 morsibus
903 2773 1086 2854 exspiravit,
1115 2769 1270 2861 Quidam
1306 2775 1308 2780 ’

143 2879 161 2908 s
226 2862 324 2921 etiarn
347 2858 497 2923 Cinthius
519 2861 562 2922 de
580 2855 727 2931 Cerinis,
760 2877 861 2936 quern
882 2879 949 2920 una
969 2859 1069 2934 fides,
1101 2879 1168 2920 una
1189 2877 1268 2940 per·

225 2943 317 3019 lidia,
345 2963 478 3024 unaque
505 2943 612 3026 passio
641 2933 750 3004 didam
773 2945 871 3005 Petro
894 2943 1122 3024 conjunxerat,
1149 2959 1268 3006 contu-

72 3100 80 3117 χ
223 3047 280 3090 sus
311 3032 470 3092 membra·
492 3047 552 3110 per
584 3041 687 3089 totum
720 3045 913 3107 recuperare
952 3049 1123 3110 nunquam
1154 3029 1268 3110 p‘otuit

139 3177 145 3190 ,
226 3113 502 3187 ειηίῐειειημεεά
534 3133 576 3176 eu
603 3133 645 3176 eo
674 3111 754 3172 lucis
785 3115 921 3174 omnino
949 3115 1051 3176 factus
1073 3129 1123 3178 est
1143 3133 1264 3195 expers

225 3201 385 3260 continua
406 3198 596 3260 valetudine
619 3212 807 3260 maceratus.
852 3200 1031 3261 Corradino
1053 3200 1179 3278 itaque,
1207 3199 1265 3264 cui

224 3283 347 3355 nullus,
369 3297 442 3363 post
465 3281 630 3346 devictum
654 3303 671 3343 a
694 3282 825 3346 Gallicis
847 3279 989 3359 bellurn,
1010 3283 1164 3348 remansit
1185 3283 1264 3344 arni-

137 3405 142 3412 ·
224 3387 292 3440 cus,
314 3367 401 3429 urbis
423 3383 556 3448 petente
580 3365 751 3443 tutamina,
775 3369 927 3430 dominus
948 3369 1127 3443 lohannes,
1150 3384 1184 3432 et
1204 3369 1265 3429 do·

223 3452 334 3527 minus
354 3451 536 3528 Pandulfus
559 3451 602 3514 de
624 3454 771 3528 Sabello,
793 3454 945 3515 dominus
967 3455 1181 3528 Bertboldus,
1202 3453 1263 3533 qui

223 3553 301 3598 tunc
322 3537 365 3601 de
386 3538 476 3600 bello
497 3537 652 3613 redierat,
674 3538 792 3602 intrant
814 3538 970 3601 hostiliter
991 3537 1261 3614 urbemprnultis

223 3621 353 3702 paribus
383 3636 416 3684 et
442 3621 618 3704 imparibus
639 3623 852 3702 sequentibus
873 3624 946 3686 illos
969 3625 1123 3698 Guelfis,
1141 3637 1174 3686 et
1196 3623 1261 3686 Ge·

223 3705 420 3770 bellinnrum
454 3705 645 3788 trepidantia
677 3707 799 3770 infestis
822 3707 1015 3770 rumoribus
1036 3710 1160 3783 corda,
1200 3721 1261 3770 tur·

222 3794 302 3854 bant
329 3807 441 3854 contra
464 3792 582 3854 hostes
611 3792 713 3865 bellas
741 3793 826 3857 inter
844 3793 937 3854 bives
959 3813 1044 3856 vero
1062 3792 1260 3862 seditionem

76 3926 78 3937 .
159 3889 163 3897 ’
223 3877 393 3990 mutientes
416 3895 458 3942 cx
479 3876 714 3944 deliberatione
735 3897 891 3953 movere;
910 3876 1126 3942 nihilominus
1150 3893 1260 4026 sargan

219 3989 222 3996 '
859 3997 862 4012 t
1215 3982 1261 4024 01-
