2688 4754
877 443 911 466 „
1009 406 1079 476 127
1286 349 1309 482 i

1176 471 1190 502 Ι

81 568 182 630 iiber
217 539 378 626 fremde'
412 527 597 644 Linder,
639 580 672 626 z*
695 565 735 627 B.
767 551 1110 648 Dentttcltlttndjx

82 650 257 726 emhilt.
310 647 451 729 Ausg..
471 647 514 710 in
544 647 811 756 Scldenirsicr.
833 673 909 716 rer.
932 656 1080 738 anglic,

43 812 77 888 ς)
105 802 152 870 A.
174 804 232 871 B.:
271 786 497 866 Wilh'elms
527 801 598 866 det
624 784 895 876 N'ormttnnen
922 805 1081 874 Erobc·
1165 814 1175 842 ¹

122 908 228 971 rung
256 907 338 952 von
365 887 574 989 England,
609 891 743 972 1066„
962 891 965 900 ’
1074 940 1077 946 .
1130 949 1137 982 e
1236 950 1241 957 ,

58 1127 62 1144 ,
123 1076 174 1142 Ut
201 1087 312 1138 autem
339 1071 459 1135 sciatur
487 1071 579 1154 origo
613 1091 747 1152 causae,
782 1097 847 1158 qua
879 1075 1082 1142 Wilhelmus

44 1161 201 1243 Angliarn
217 1157 312 1222 ‘bello
335 1156 477 1240 appetiit,
501 1157 655 1234 breviter,
677 1181 761 1240 quae
784 1163 882 1242 paulo
900 1177 975 1242 ante
993 1179 1092 1245 geste*

45 1258 348 1328 sune-repetantur.
381 1243 464 1306 Orto
486 1243 703 1327 interregem
727 1249 955 1324 Eadwardum‚
978 1255 1010 1312 et
1033 1271 1084 1310 co·

35 1333 154 1396 'mitem
179 1327 385 1397 Godwinum,
401 1328 509 1409 gravi,
531 1343 685 1412 utsupra
706 1331 917 1410 dictumest,
938 1333 1084 1412 discidio,

45 1418 119 1483 exul
147 1418 191 1480 ab
219 1413 344 1494 Anglia
364 1433 449 1490 „cum
472 1413 537 1476 suis
560 1414 731 1490 omnibus.
764 1435 876 1484 comes
900 1413 1092 1500 expellitur(

48 1503 106 1568 Cui
132 1499 348 1584 postmodum
376 1497 509 1588 gratiam
538 1497 632 1580 regis.
652 1501 849 1580 requirenti,
884 1519 921 1567 ut
943 1503 974 1568 ei
994 1525 1084 1584 rept-

46 1587 133 1654 triare
156 1587 287 1658 liceret,
316 1574 409 1648 nultd
439 1585 540 1646 modo
569 1603 627 1650 rex
656 1589 846 1660 concordari
869 1581 990 1662 voluit,
1022 1587 1112 1652 nisi·

47 1675 158 1757 primo,
183 1669 302 1752 q'uibus
324 1667 386 1731 sibi
408 1669 560 1732 securitas
583 1686 763 1750 pararetur,
786 1674 916 1740 obsides
938 1671 1085 1739 haberet.

48 1761 118 1847 Qua
140 1759 185 1820 de
208 1773 307 1819 causa
327 1753 520 1829 Wlnothus‚
542 1753 627 1820 iilius
648 1755 749 1837 ipsius
774 1759 938 1834 Godwini,
962 1775 995 1822 et
1017 1761 1092 1820 Ha:

48 1866 116 1906 cum
138 1842 228 1906 filius
250 1837 379 1914 Suam,-
402 1837 460 1900 filii
488 1839 539 1901 sni
568 1839 698 1910 obsides
729 1843 859 1920 dentur,
889 1865 925 1906 ac
945 1843 1086 1906 inNor·
1124 1893 1126 1898 ,

48 1925 212 1994 manniam
240 1923 427 1992 Willielmo
455 1925 583 1992 bastard
611 1923 739 2000 comiti,
766 1927 824 1990 filii
846 1929 998 2004 imberti,
1027 1927 1086 1990 firit
1136 1923 1138 1930 '

49 2013 187 2090 Ricardi,
228 2009 330 2074 fratris
362 2007 471 2070 matris
505 2027 595 2085 suae,
634 2011 841 2078 custodiendi
873 2015 1085 2080 destinantur.

48 2101 165 2182 Elapso
204 2095 323 2160 dehinc
356 2109 521 2174 tempore,
555 2115 632 2173 curn
662 2095 731 2182 jam
761 2097 943 2162 Godwinus
972 2107 1085 2162 corn‘es

50 2201 128 2250 esset
157 2197 327 2260 mortuus,
355 2179 525 2242 Haroldus
552 2179 639 2242 filius
667 2181 758 2263 ejus,
785 2183 877 2267 petiit
899 2207 918 2248 a
937 2205 1016 2267 rege
1037 2183 1087 2248 ire

50 2267 301 2342 Normanniam,
324 2279 358 2332 et
377 2264 510 2330 fratrem
532 2284 631 2330 suum
652 2280 751 2348 atque
772 2283 932 2352 nepotem
953 2271 1010 2352 qui
1032 2273 1088 2331 ob·

51 2356 129 2419 sides
146 2349 286 2418 'ibidem
315 2351 527 2426 tenebantur,
555 2349 711 2428 liberare,
743 2367 778 2420 ct
799 2355 950 2418 liberatos
973 2375 1087 2418 secum

50 2441 180 2522 patriam
204 2439 375 2506 reducere·
417 2435 481 2504 Cui
502 2457 571 2510 rex,
593 2435 676 2512 hoc,
705 2435 826 2518 inquit,
860 2460 930 2500 non
951 2440 1008 2505 fiet
1028 2452 1090 2522 p'er
1140 2467 1154 2528 f

50 2547 118 2601 me,
149 2535 396 2600 verumtamen,
424 2541 470 2586 ne
492 2521 607 2588 videar
634 2523 778 2594 terelle
808 2521 985 2606 impedire,
1017 2544 1091 2604 per·

52 2611 152 2686 mitto,
176 2623 218 2671 ut
240 2627 294 2678 eas
316 2615 387 2690 qito
408 2604 478 2682 vis,
500 2620 533 2671 et
555 2605 729 2690 experiaris
752 2607 831 2690 quid
853 2609 973 2690 possis:
1001 2617 1090 2691 prae-

53 2696 150 2760 sentio
180 2709 306 2768 tamen,
333 2707 366 2756 te
387 2689 422 2752 in
445 2691 526 2755 nihil
557 2692 645 2754 aliud
673 2693 827 2764 tendere,
855 2693 918 2758 nisi
939 2694 975 2757 in
997 2695 1090 2760 detri-

52 2797 198 2845 mentum
213 2769 321 2842 torius
342 2776 477 2860 Anglici
499 2779 602 2860 regni,
625 2791 658 2844 et
679 2779 892 2860 obprobrium
915 2780 972 2844 tui.
1015 2781 1090 2847 Nec

53 2866 135 2928 enim
163 2867 211 2928 ita
238 2861 321 2930 novi
348 2863 503 2928 comitem
532 2861 649 2927 mentis
676 2879 864 2945 expertem,
898 2879 935 2928 ut
957 2885 1015 2932 eos
1038 2863 1091 2926 ali·

53 2967 209 3030 quatenus
231 2949 313 3012 velit
333 2949 516 3011 concedere
539 2947 606 3022 tibi,
628 2945 746 3010 sinon
768 2949 953 3032 praescierit
973 2949 1008 3014 in
1025 2951 1091 3010 hoc

53 3057 206 3118 magnum
237 3033 422 3116 proficuum
453 3031 515 3098 sui.
584 3031 749 3098 Ascendit
779 3033 889 3116 itaque
920 3037 1113 3098 Haroldus'

54 3141 186 3197 navem,
223 3140 312 3202 quae
337 3131 529 3200 tempestate
557 3119 667 3181 valida
695 3117 800 3200 ejecta
828 3141 904 3186 cum
927 3119 1091 3196 omnibus,

55 3225 133 3284 quae
155 3226 273 3270 secum
294 3205 428 3278 ferebat,
456 3203 491 3266 in
521 3203 703 3266 Pontivum
724 3205 885 3280 fluvium,
922 3203 978 3286 qui
1000 3205 1092 3288 Maja

55 3307 196 3366 vocatur,
218 3289 387 3356 adomino
410 3303 511 3353 terrae
533 3289 629 3364 illius,
651 3311 712 3373 pro
732 3289 796 3352 ritu
817 3289 893 3370 loci,
914 3289 1091 3374 captivitati
1202 3337 1208 3346 .

56 3373 133 3440 illius
155 3373 327 3442 addicitur.
370 3373 568 3440 Constrictus
591 3395 670 3456 ergo
692 3375 878 3462 Heroides,
911 3377 1093 3460 quemlibet
1146 3367 1150 3388 '

58 3481 95 3524 cx
114 3463 219 3546 vulgo
240 3458 402 3544 promissa
422 3461 577 3542 mercede
598 3459 753 3536 illectum,
775 3461 858 3530 clam
877 3462 918 3526 ad
936 3462 1094 3526 comitem
1158 3485 1161 3496 ¹

57 3545 278 3614 Normanniae
299 3543 405 3630 dirigit
426 3540 471 3607 ex'
493 3565 605 3622 onere,
628 3545 707 3626 quid
729 3544 776 3607 illi
798 3547 978 3629 contigerit.
1013 3547 1093 3610 Hoc

58 3626 260 3708 inaudito,
291 3631 439 3718 protinus
461 3565 612 3694 tiamne
634 3651 695 3714 per
714 3631 854 3698 nuncios
886 3631 1020 3695 mandat
1041 3634 1095 3696 do·
1142 3651 1148 3659 ·

29 3757 31 3806 ί
58 3715 141 3789 minc
169 3715 322 3792 Pontivi,
357 3697 546 3782 Htroldum
568 3735 645 3778 cum
666 3716 732 3782 suis
754 3719 795 3780 ab
818 3713 911 3788 om'ni
932 3715 1096 3782 calumnie

30 3817 32 3878 ς
58 3799 190 3871 liberum
213 3801 274 3870 sibi
296 3799 488 3883 quantocius
510 3799 612 3878 mitti,
645 3801 672 3866 si
694 3798 827 3886 pristina
847 3803 933 3866 illius
957 3799 1097 3869 amicitia

31 3887 33 3980 ξ
60 3892 171 3952 amodo
201 3887 285 3955 sicut
310 3881 385 3950 huc'
403 3905 510 3968 usque
539 3888 642 3952 vellet
666 3886 776 3973 potiri.
839 3889 905 3952 Sed
934 3908 1011 3950 curn
1037 3887 1094 3950 ille

32 3983 34 4014 2
58 3971 224 4040 hominem
246 3973 410 4038 dimittere
431 3973 545 4048 nollet,
567 3973 687 4038 iterum
708 3995 731 4038 a
749 3971 934 4056 Willieimo
954 3973 990 4036 in
1007 3991 1095 4118 ipen·
1200 3983 1207 3995 '

1042 4071 1095 4122 210
1130 4073 1132 4077 ’
