2664 4754
893 349 896 358 ’
991 339 1149 452 'tta‘
1275 323 1277 332 ’

28 529 207 610 massariis
246 521 415 617 utuntiir„
447 537 696 606 communicetis
731 540 765 605 in
801 554 923 616 totum,
946 555 1005 605 ·et
1037 559 1085 603 so·
1171 529 1172 536 '

29 633 178 695 cietates
219 627 298 692 inite
336 647 411 688 cum
449 626 585 690 eisdem.
657 623 961 710 Multiplic‘auumur
995 626 1085 690 enim
1181 691 1184 700 f
1239 653 1241 662 ¹

27 715 108 780 sine
145 714 339 800 sumptibus
374 709 480 776 curiae
517 726 597 774 tunc
624 712 737 795 regiae
773 707 960 786 massa‘riae3
1002 717 1105 775 sem·'

30 785 291 882 perque'salva
312 819 420 860 rerum
443 797 634 869 substantia,
665 799 765 859 multa
787 803 933 862 camerae
957 815 1084 862 vestrae

31 887 279 967 emolumenta
306 881 514 964 provenient.
575 881 958 958 Diuiduntur‘animalia¹
980 888 1087 946 vestra

33 992 97 1051 per
126 965 508 1050 subditos'opulentos,
541 983 574 1030 et
604 965 650 1030 eis
672 967 857 1050 imponatur
878 969 1086 1032 reddendum
1121 964 1132 1052 J

33 1055 151 1118 curiae
182 1071 332 1128 vestrae,
358 1053 456 1116 ,salva
483 1069 614 1134 semper
640 1067 743 1127 sorte,
771 1067 896 1118 certum
926 1053 1005 1133 quid
1033 1058 1085 1116 'an-
1317 1097 1319 1138 2

34 1132 210 1202 nuatlrns
249 1137 383 1200 ‘Subditi
418 1137 540 1220 quippe
570 1139 686 1211 vestri,
724 1155 857 1220 propter
885 1157 1096 1219 consequen-5
1140 1173 1142 1186 ‹
1235 1199 1242 1224 ‚·
1312 1184 1317 1193 .

21 1227 125 1287 ²dam.
148 1224 197 1286 in*
221 1223 316 1286 bonis
344 1239 377 1288 et
405 1221 596 1296 animalibus
624 1221 690 1290 suis
725 1227 895 1304 praetetitu
927 1224 1086 1286 societatis

34 1309 154 1392 regiae
189 1309 386 1390 libeitatetn.
419 1323 451 1370 et
472 1307 625 1372 habenda
651 1326 771 1404 pascua
803 1309 916 1384 libera,
947 1309 1087 1380 libenter

40 1397 83 1458 ad
116 1392 330 1476 participium
362 1392 527 1454 fructuum
564 1391 723 1474 recipient
755 1395 815 1456 sub
847 1413 909 1456 suo
941 1395 1086 1474 periculo

37 1495 72 1542 et
100 1481 246 1540 fortuna
271 1479 419 1558 qualibet
446 1477 667 1540 massadamf‘
715 1479 812 1542 Falsa
845 1478 941 1560 igitur
968 1494 1000 1542 ot
1025 1480 1088 1542 dal·
1146 1477 1149 1484 “

38 1563 102 1626 laci
134 1561 296 1644 suasione
323 1579 453 1644 recepta
480 1578 514 1626 et
540 1561 659 1644 pariter
686 1567 876 1646 approbata,
905 1585 965 1646 per
985 1579 1086 1630 totam
1119 1628 1125 1638 ,

40 1649 211 1734 Siciliam,
254 1669 339 1736 quae
368 1662 451 1712 terra
480 1662 529 1710 est
558 1647 671 1710 fertilis
699 1663 732 1714 et
759 1649 939 1723 foecunda,
972 1649 1086 1734 segeti»

41 1738 104 1796 bus
135 1749 234 1815 apta,
261 1749 315 1800 ¹et
339 1734 550 1796 accommoda
585 1733 760 1808 massariis,
796 1735 895 1797 =viros
928 1735 1086 1800 habentes

19 1808 194 1899 xaliquid,
250 1819 393 1883 maxime
434 1813 862 1899 archivillanos'locorutn,
911 1837 944 1882 et
973 1823 1087 1904 proto.
1155 1819 1187 1836 ''

43 1905 208 1978 rusticos,
250 1903 351 1987 elegit
387 1904 426 1976 ad
463 1902 653 1984 hujusmodi
674 1905 864 1968 officiorum
891 1899 995 1970 onera
1020 1904 1120 1992 ‘’ifi'.

44 1991 181 2056 cialium
211 1990 307 2052 docta
336 1989 477 2076 malitiQ'
516 1989 610 2052 Huic
636 1988 746 2052 invito'
770 2009 844 2056 sues
873 1989 906 2052 in
934 2011 1085 2067 numero,

48 2075 101 2136 alii
131 2069 293 2164 renitenti
326 2077 469 2148 boves,
493 2073 538 2139 ilii
570 2076 741 2157 compulso
775 2095 907 2153 vaccas,
959 2077 1010 2140 alii
1042 2095 1088 2140 re·

49 2161 215 2241 pugnanti
257 2165 384 2244 pecora'
411 2159 489 2241 'sive
533 2181 614 2224 oues
655 2175 688 2222 et
726 2179 828 2239 equas
858 2163 1087 2226 custodiendas

51 2247 213 2330 assignat,
255 2243 366 2330 legem
400 2246 528 2328 ponens
563 2246 693 2318 ceteris,
737 2246 774 2306 ac
807 2243 833 2306 si
865 2262 997 2312 naturae
1026 2249 1088 2320 do·
1133 2313 1135 2320 ,

49 2331 238 2426 mitteretur
276 2348 308 2396 et
341 2332 416 2406 aeri,
461 2321 516 2394 'erut
550 2347 636 2394 esset
669 2331 813 2392 humana
852 2329 952 2402 virtus
983 2353 1089 2413 super

51 2417 298 2498 omnipotentia
332 2417 468 2482 deitatis.
522 2417 618 2479 Haec
646 2431 694 2480 est
728 2414 820 2480 enim
844 2415 915 2490 lert,
958 2417 1010 2478 hic
1031 2431 1090 2478 ‘est
1126 2457 1130 2466 ι

53 2503 175 2564 modus
212 2503 383 2584 impositus
423 2503 536 2566 ceteris
571 2502 704 2597 talibus,
752 2500 821 2566 hoo,
851 2513 1002 2564 statutum
1037 2522 1089 2562 cu·
1163 2553 1165 2568 .

52 2587 119 2650 riae
155 2581 467 2650 officialiumrmala
510 2587 625 2655 fraude
660 2587 815 2649 vallatum
829 2611 845 2656 t,
883 2587 1010 2652 ubilis
1044 2585 1089 2648 vi·

55 2673 272 2754 deiioeusui
301 2674 460 2738 societatis
491 2671 626 2736 nomine
660 2691 735 2734 sues
768 2671 1000 2736 custodiendae
1034 2687 1090 2744 tra·

57 2760 182 2821 duntur
216 2761 358 2841 assignet
385 2753 463 2820 fisco
499 2759 616 2834 curiae,
656 2757 735 2819 anni
769 2757 887 2826 circulo
914 2757 1089 2836 revoluto,

55 2842 232 2921 parturisse
271 2863 363 2906 suem
405 2843 583 2924 quamlibet
619 2843 670 2906 bis
704 2839 853 2928 quinque
887 2843 990 2924 'capita
1023 2843 1091 2908 foe·

58 2943 124 3000 tus,
161 2930 246 2991 duos
282 2931 402 2992 scilicet
437 2929 544 2992 foetus
576 2929 736 2992 masculos
769 2943 811 2994 et,
828 2943 891 2991 tres
919 2927 1091 3002 foeminas,

57 3011 235 3093 foetusque
278 3014 400 3095 plimos
434 3013 622 3080 foemineae
656 3015 777 3078 eodem
817 3002 905 3075 atino
943 3011 1091 3093 quinque

60 3096 209 3162 similiter
241 3100 419 3178 quamlibet
451 3117 660 3180 generasse,¹
682 3097 726 3160 ita
757 3099 854 3178 quod,
877 3099 920 3160 de
948 3097 1092 3177 qualibet
1151 3125 1152 3129 ¹
1196 3121 1200 3127 ’

59 3202 157 3261 porca
186 3183 221 3258 in
251 3205 384 3248 ornnem
415 3199 572 3246 eventum
599 3183 716 3266 viginti
743 3183 845 3264 capita
872 3183 907 3244 in
934 3183 1091 3246 universo

33 3283 301 3346 pumannum,
342 3270 424 3334 velit
465 3269 557 3348 nolit,
598 3270 771 3350 debona
814 3283 847 3334 et
890 3286 1009 3351 aequa,
1055 3282 1114 3351 ut⁸>

61 3351 168 3430 ajunt,
211 3355 336 3432 satione
372 3353 524 3437 resignet,
567 3353 712 3419 secundo
748 3359 829 3416 veto
859 3375 947 3416 anno
975 3367 1008 3416 et
1036 3354 1091 3414 de·

60 3434 172 3518 inceps
217 3441 364 3521 quolibet
384 3459 460 3526 χ30.
514 3439 636 3504 Salinas
684 3435 838 3501 frumenti
881 3437 914 3502 e't
955 3435 1092 3502 totidem

13 3577 14 3582 ,
62 3517 189 3600 hordei,
218 3526 369 3608 magistro
399 3520 551 3590 massario
579 3523 686 3587 curiae
713 3537 930 3605 representet,
957 3523 1094 3604 receptis

62 3623 122 3683 pro
155 3613 308 3693 expensis
344 3625 376 3674 et
404 3611 557 3675 mercede
592 3606 716 3672 servitii
744 3607 932 3685 etlaboris,
960 3607 1090 3672 duobus
1157 3627 1173 3680 ;

34 3728 39 3743 t
65 3703 186 3761 tanturn
217 3698 435 3780 augustalibus
457 3716 517 3778 per
544 3695 689 3777 singulos
715 3695 799 3756 duos
825 3696 941 3757 boves.
985 3691 1106 3756 Alteri·

64 3791 144 3840 vero
171 3778 224 3846 cui
251 3783 400 3859 bidentes
428 3783 469 3846 ad
495 3779 697 3864 participium
726 3781 847 3842 lructus
875 3777 1028 3854 dantur,
1052 3793 1094 3840 ta·
1253 3820 1259 3847 t

64 3855 101 3926 lis
134 3879 183 3928 est
215 3867 354 3932 radortis
384 3865 568 3952 compulsio
604 3863 647 3928 ad
674 3865 835 3955 tandum,
868 3877 907 3926 ut
929 3879 1005 3948 -pro
1032 3862 1105 4018 'ilis'

158 3963 162 3972 .
1006 3968 1053 4032 gu
1147 3963 1172 3977 ..
