2664 4754
221 589 268 654 eis
298 585 497 652 conductum
526 597 633 666 usque
663 579 705 646 td
732 599 779 645 se.
835 579 1025 664 iunguntur
1054 559 1164 664 iisqne
1193 585 1262 669 regi

222 675 308 758 apud
338 673 473 754 Spiram.
538 667 604 730 Ubi
634 667 747 752 habito
773 667 925 741 consilio,
961 669 1105 732 condicit
1138 673 1261 734 curiam

110 801 115 816 ,
220 760 404 846 principum
432 755 519 838 apud
539 747 741 826 Northusin,
771 753 805 814 in
833 753 978 814 confinio
1000 755 1206 836 Thuringiae
1231 773 1262 820 et

221 845 398 914 Saxoniae,
430 839 486 902 ubi
523 839 694 918 Plrilippus
724 837 846 899 deduci
879 839 954 900 fecit
985 831 1123 920 legatos,
1182 845 1261 922 Ipse

220 933 452 1014 quoquotum
475 925 674 1008 principibus
697 923 849 1002 perimit
869 923 956 984 illuc.
1001 925 1081 986 Otto
1112 943 1260 1006 quoque,

221 1035 326 1099 prope
358 1026 426 1075 erat
457 1010 597 1084 ibidem,
637 1008 669 1067 in
703 1007 847 1087 quodam
880 1025 995 1070 castro.
1051 1011 1197 1074 Vadunt
1230 1029 1261 1074 et

171 1147 176 1160 .
219 1102 359 1166 redeunt
380 1093 476 1177 legati
500 1109 532 1156 et
554 1093 746 1178 patriarcha,
767 1105 847 1155 cuni
866 1091 1060 1172 quibusdam
1085 1095 1154 1156 aliis
1168 1098 1261 1176 'prin-

219 1185 362 1266 cipibus,
379 1181 473 1245 inter
493 1179 649 1260 utrosque
677 1197 770 1259 reges
800 1197 916 1258 pacem
937 1179 1166 1259 compositoris
1202 1183 1261 1244 sed

219 1265 561 1345 ibidemcomposilio
590 1265 662 1328 lieri
690 1283 759 1324 non
783 1278 925 1342 poterat,
960 1269 1049 1328 unde
1073 1269 1261 1346 procedunt

218 1357 254 1420 in
280 1351 465 1418 saxoniam.
529 1351 603 1415 Rex
639 1349 673 1410 in
708 1347 928 1430 Kotilimberg
961 1349 1130 1430 recipitur,
1179 1351 1260 1416 Otto

92 1479 125 1516 ,‚
213 1434 321 1528 'ppope
351 1449 462 1498 manet
490 1434 523 1497 in
553 1427 666 1497 castt'o.
709 1434 762 1494 lbi
792 1434 924 1499 tandem
954 1449 1058 1514 taxata
1078 1451 1129 1498 est
1151 1435 1260 1500 forma

219 1523 473 1606 compositionis,
496 1522 528 1582 iu
553 1541 617 1600 qua
639 1535 792 1580 statutum
815 1517 875 1580 soit
896 1519 981 1582 inter
1002 1538 1142 1602 caeteta,
1166 1526 1259 1602 quod

147 1635 150 1642 ⁴
218 1629 252 1675 et
273 1624 387 1692 postea
408 1607 609 1686 completum
631 1603 887 1684 fuit,irideiicet,
910 1607 1037 1668 utOtto
1059 1607 1164 1669 filiam
1184 1609 1260 1671 Phi-

218 1693 299 1780 lippi
323 1692 454 1774 accipiat
483 1711 637 1752 uxorem:
665 1709 758 1768 ,quae
786 1705 895 1750 tamen
918 1707 1032 1770 quarto
1056 1697 1160 1772 gradu
1183 1716 1257 1754 con-

217 1775 439 1864 sanguinitatis
470 1777 530 1838 sibi
564 1775 732 1855 attinebat,
772 1772 932 1856 fieretque
964 1777 1165 1858 dispensatio
1198 1799 1259 1860 per

181 1919 189 1938 ,
217 1869 332 1930 sedem
361 1857 569 1946 apcitolicam
599 1881 658 1942 pro
685 1861 778 1920 bono
807 1861 903 1940 pacis.
947 1861 1044 1922 Tunc
1066 1864 1165 1944 legati
1186 1868 1255 1930 reu·

217 1953 473 2016 aunt-Romam.
518 1948 624 2011 Auno
646 1945 755 2024 itaque
778 1944 929 2024 sequenti
951 1941 1255 2030 statuit'Philippus

216 2059 292 2100 cum
313 2033 459 2106 exercitu
481 2031 595 2094 venire
616 2030 651 2090 in
672 2029 857 2102 saxoniam,
879 2029 1176 2111 contraquosdarfi,
1199 2035 1256 2114 qui

216 2121 324 2184 adhuc
344 2117 467 2180 ibidem
489 2117 555 2193 ,sibi
576 2116 714 2180 rebelles
737 2119 929 2189 extiterunt,
965 2118 1057 2180 venit
1084 2120 1197 2200 itaque
1221 2121 1269 2184 in·

212 2205 421 2285 Babenbcrg.
464 2199 683 2263 tAdvanerat
720 2217 855 2280 quoque
885 2201 962 2264 illuc
993 2202 1138 2268 nefarius
1172 2205 1254 2270 Otto

102 2307 106 2320 ·
214 2292 270 2356 ille
298 2288 458 2372 palatinus
487 2287 529 2348 de
552 2283 773 2348 Witilisbaclr.
831 2287 905 2348 ilex
927 2307 1009 2366 vero
1028 2284 1253 2354 minutionem

180 2436 183 2442 .
215 2372 381 2457 sanguinis
402 2371 479 2436 fecit
492 2371 623 2436 'ibidem
646 2369 688 2435 de
711 2371 804 2432 venis
826 2371 995 2452 utriusque
1017 2375 1155 2437 brachiis
1185 2377 1254 2457 plu-

154 2505 156 2511 ·
213 2461 287 2525 rimi
310 2471 444 2540 quoque
466 2457 510 2520 de
531 2457 596 2518 suis
618 2451 809 2518 minuebant
830 2459 1034 2538 sanguinem.
1066 2461 1166 2524 Tunc
1188 2472 1253 2524 sca.

212 2543 340 2610 letatus
355 2543 453 2617 Otto,
486 2541 657 2622 assumptis
684 2539 839 2602 militibus
860 2541 1006 2624 episcopi
1027 2543 1198 2625 Eggiberti
1221 2563 1254 2611 et

212 2629 411 2694 marchionis
439 2628 482 2692 dc
511 2626 676 2690 Andehse
702 2625 842 2688 Hernici
869 2627 972 2690 fratris
1006 2630 1141 2708 praelati
1170 2631 1252 2713 epis·

212 2715 300 2800 copi,
325 2711 476 2778 venitin
497 2712 664 2796 palatium.
707 2711 772 2774 Ille
802 2728 882 2777 vcro
903 2709 1028 2796 impius
1052 2716 1188 2779 accessit
1211 2717 1250 2778 ad

173 2809 175 2817 ’
212 2801 333 2864 ostium
354 2815 513 2871 camerae,
535 2797 569 2858 in
590 2813 655 2878 qua
676 2813 736 2860 rex
748 2794 946 2876 quiescebat,
966 2797 1124 2880 pulsabat,
1146 2817 1186 2862 ut
1206 2803 1251 2863 in-

194 2883 461 2955 rt'tomitteretum
498 2898 598 2962 quem
630 2899 701 2946 tex·
717 2879 812 2962 jussit
842 2881 1028 2960 intromitti,
1059 2881 1143 2958 nihil
1173 2887 1249 2950 mali

211 2969 404 3053 suspicatus.
461 2967 614 3050 uimque
649 2979 798 3030 cerneret
829 2967 1000 3030 neminem
1033 2963 1106 3034 esse
1135 2971 1174 3034 in
1202 2993 1249 3035 ca·

152 3130 155 3145 ι
210 3069 312 3130 meta,
334 3063 463 3136 praeter
479 3071 592 3134 regem
610 3066 645 3115 et
661 3050 898 3124 cancellarium,
912 3067 946 3116 et
957 3050 1144 3134 Heni-icum
1165 3057 1249 3139 dapi.

208 3143 334 3216 fetum,
362 3137 419 3221 qui
441 3154 532 3200 etant
553 3137 588 3198 in
609 3135 762 3230 consilio,
789 3137 921 3202 rediens
943 3135 1092 3219 apperuit
1110 3142 1248 3222 januam

209 3245 374 3299 camerae,
396 3222 557 3304 accipiens
578 3221 721 3304 gladium
745 3241 762 3284 a
785 3221 966 3298 serviente,
996 3243 1096 3302 quem
1119 3228 1249 3292 vibrare

208 3309 317 3392 coepit
337 3310 372 3370 in
393 3305 514 3372 collum
536 3308 631 3390 regis.
674 3307 738 3371 Sed
760 3305 907 3388 dapifero
930 3307 1149 3398 eaclarnaate·
1164 3313 1246 3375 terri-

127 3405 149 3448 t,
208 3413 278 3468 tus,
302 3393 358 3458 vix
379 3395 505 3476 plagam
529 3391 678 3474 perfecit,
701 3407 734 3456 et
756 3393 930 3474 parvulum
953 3389 1075 3456 vulnus
1100 3398 1138 3458 in
1161 3400 1247 3460 collo

125 3535 128 3541 .
207 3479 292 3562 regis
321 3479 428 3552 dedit,
463 3479 522 3542 seri
550 3480 674 3541 'venam
702 3489 802 3540 unam
834 3477 1029 3559 ‘organicam‘
1054 3470 1247 3562 imputavit.

150 3597 155 3616 ι
206 3567 360 3644 Cumque
381 3564 542 3644 praefatus
565 3563 690 3644 dapifer
716 3564 840 3626 exitum
860 3565 980 3643 januae
1009 3563 1070 3626 sibi
1097 3567 1247 3632 interclu-

66 3694 73 3720 ,
117 3641 124 3654 ,
206 3649 287 3716 d'sre
309 3649 484 3724 voluisset,
512 3649 678 3712 maxillam
696 3647 797 3730 ipsius
820 3651 939 3714 eodem
963 3649 1072 3734 gladio
1095 3654 1244 3731 vulnera·

205 3734 271 3812 vit,
299 3748 399 3818 quam
421 3731 619 3798 laudabilem
641 3731 819 3805 cicatricem
843 3753 949 3817 usque
971 3735 1011 3796 ad
1031 3748 1174 3803 mortem
1189 3739 1244 3802 ¹ha·

204 3821 285 3885 buit.
328 3817 442 3882 Oritur
462 3819 609 3899 undique
630 3821 805 3893 mmultus;
834 3839 891 3882 rex
913 3837 1048 3900 quoque
1061 3825 1243 3905 *paululum

57 3911 60 3918 '
96 3933 100 3946 ¹
177 3907 388 3991 ,piccedeus
410 3903 579 3986 etpirarit.
623 3905 688 3970 Ille
717 3923 804 3968 vero
828 3903 994 3989 malignus
1017 3907 1057 3970 ad
1082 3902 1243 3986 praefatos

203 3987 397 4076 episcopum
424 4005 459 4056 et
484 3989 710 4056 marchionem
737 3987 899 4081 conligit,
940 3990 1032 4056 unda
1060 4005 1095 4056 et
1121 3993 1169 4056 illi
1198 3993 1244 4058 rei

230 4077 249 4134 ’.
898 4161 906 4169 ,
1045 4117 1051 4133 f
1137 4080 1242 4144 habiti

903 4199 910 4230 l

833 4233 844 4266 l
