2664 4754
55 601 65 633 Ι
55 593 188 662 nilum
218 589 328 674 quieti
351 589 458 656 dabat.
495 579 598 660 Pes
621 575 764 680 qupqrie
779 599 970 674 tenpore,
967 579 1039 662 sibi
1060 577 1124 698 net}

53 684 197 762 pasena
220 679 323 742 ullam
344 697 408 746 nec
429 677 583 758 requiem
604 676 810 762 indulgebatr
832 681 1027 746 venatione·
1035 685 1125 748 nami

74 783 144 845 que
175 777 265 826 trans
294 762 496 826 modestiam
520 761 668 839 deditus,
700 782 833 826 summo
861 764 1007 830 diluculo
1035 784 1151 850 equo'

72 851 214 912 cursore
237 862 456 938 transvectus,
485 868 575 912 nuno
597 849 695 912 saltus
716 849 872 923 lustrans,
904 841 995 914 nimo
1016 856 1125 935 sylvas

71 942 288 1032 penetrans,
302 951 392 994 nunc
420 933 586 997 montium
605 933 685 1016 juga
707 931 953 1010 transcendens,
977 937 1046 1002 dies
1070 941 1126 1002 du-

73 1018 205 1084 nebat
195 1017 380 1098 inquietos
402 1039 550 1117 vespero
565 1029 647 1082 vero
670 1017 761 1080 domi
778 1035 958 1100 reseptum,
976 1025 1032 1086 vel
1050 1041 1126 1088 ante

74 1113 225 1168 coenam
249 1105 305 1167 vel
325 1116 411 1184 post,
431 1099 593 1167 rarissime
612 1105 783 1168 sedentem
800 1109 1024 1204 conspexeris
1039 1111 1128 1172 Post
1200 1163 1207 1172 .

75 1183 182 1252 tanias
206 1197 355 1268 namque
377 1187 593 1274 fatigationes,
617 1203 714 1263 totam
729 1189 875 1253 statione
899 1191 1058 1254 continua
1076 1213 1127 1256 ou·
1205 1189 1210 1210 ⁸

73 1277 157 1338 siam
180 1276 304 1336 lassare
327 1289 556 1340 consueverat.
610 1275 675 1338 Sed
697 1274 853 1372 qnoniam
876 1275 940 1336 hoc
962 1278 1003 1338 ad
1026 1279 1127 1340 vitam

74 1357 230 1442 inprimis
264 1359 367 1422 utiler-
408 1377 445 1422 ut
473 1381 517 1422 ne
544 1357 626 1439 quid
648 1358 762 1432 nimis,
805 1360 1002 1440 nullumque
1025 1367 1128 1428 reme'·
1209 1365 1214 1374 '

76 1446 170 1508 dium
194 1443 387 1524 simpliciter
406 1438 572 1520 bon'um,
597 1456 674 1506 curn
696 1441 846 1506 tibiarum
868 1448 1066 1526 pedumque
1083 1461 1129 1512 tu·
1152 1487 1157 1506 ι

52 1551 170 1612 'more
209 1527 395 1608 frequenti,
428 1529 697 1594 recalcitrantium
732 1530 773 1592 ad
805 1529 869 1590 hoc
896 1531 1127 1632 junrentornm
1193 1525 1195 1530 ¹

75 1616 195 1677 ictibus
229 1627 319 1678 aucta
347 1615 515 1692 laesione,
543 1629 688 1698 caeteras
716 1614 895 1699 adipson
918 1617 1061 1698 corporis
1084 1618 1129 1680 in·
1159 1615 1168 1638 '¹

77 1700 569 1774 commoditates·accelerabat,
592 1699 674 1784 etsi
695 1721 765 1761 non
789 1699 903 1776 aliam,
924 1716 1061 1765 matrem
1084 1702 1129 1765 in·
1204 1705 1205 1708 ’

78 1785 339 1848 commodorum
369 1779 467 1884 ιιιιιιιι
496 1785 675 1848 ministram
704 1797 791 1848 certe
823 1785 880 1846 vel
913 1797 1129 1851 senectutem.

77 1873 229 1936 staturae
252 1871 303 1932 vir
325 1885 393 1932 erat
408 1871 498 1947 inter
520 1871 719 1944 mediocres,
754 1871 843 1950 quod
863 1872 957 1940 nulli
985 1873 1130 1936 filiorum
1201 1865 1234 1916 ι’

6 2029 7 2034 ¹
79 1955 278 2037 contingere
300 1947 422 2036 potuitr
456 1955 636 2060 primaevis
657 1959 817 2019 ambobus
840 1957 939 2036 paulo
961 1956 1130 2020 mediocri·

80 2055 195 2103 tatem
203 2041 484 2115 excedentibus,
476 2063 511 2103 ιιι
535 2029 679 2104 risoribus
702 2061 785 2104 vero
809 2042 939 2106 duobus
955 2043 1043 2107 infra
1058 2045 1131 2106 sub·

80 2125 282 2189 sistentibus.
325 2125 413 2188 Citra
440 2125 541 2188 animi
572 2125 771 2189 turbationes
801 2139 834 2188 et
855 2125 1041 2224 ιιιιιιιιιιιιε
1064 2149 1131 2190 mo
1173 2129 1175 2146 ⁴

80 2225 148 2288 tus,
186 2209 344 2308 princeps
374 2210 680 2291 eloquentissimus,
723 2225 756 2272 et
784 2212 914 2290 quod
906 2211 944 2274 ris
975 2212 1131 2312 temporis

81 2297 302 2378 conspicuum
319 2302 377 2370 est,
399 2295 498 2359 literis
521 2294 678 2359 eruditus.
712 2294 779 2358 Vir
800 2296 946 2372 affabilis,
970 2298 1020 2360 vir
1041 2297 1133 2362 flexi·
1159 2345 1165 2370 Ι

80 2383 151 2446 bilis
176 2397 214 2446 et
234 2383 375 2447 facetus.
397 2382 480 2444 nulii
501 2401 632 2462 prorsus
655 2379 841 2476 hominnm,
864 2383 1051 2462 quicquid
1042 2399 1130 2446 intus
1148 2383 1172 2404 ²

81 2467 279 2552 palliaverit,
303 2467 485 2529 urbanitate
508 2467 683 2530 secundus.
726 2452 884 2547 Princeps
907 2469 990 2556 adeo
1013 2469 1133 2550 pietate
1197 2503 1203 2537 ;

8 2599 9 2602 ,
84 2554 288 2656 spectabilis,
317 2566 355 2614 ut
375 2549 503 2631 quoties
527 2552 623 2613 armis
647 2548 786 2626 vicer‘at,
819 2549 888 2632 ipse
910 2549 1047 2632 quoque
1069 2573 1134 2616 rna-

71 2641 132 2722 ,gis
154 2639 278 2722 pietate
300 2636 501 2703 vinceretur.
556 2639 600 2700 In
623 2650 744 2704 armata
766 2633 895 2699 militia
902 2651 1070 2700 strenuus·
1098 2635 1135 2700 in

86 2725 213 2807 ingata
227 2707 445 2803 improvidus.
504 2723 643 2802 Semper
674 2735 786 2784 tamen
819 2721 854 2783 in
886 2725 984 2785 rebus
1017 2721 1134 2786 Martis

89 2811 246 2906 ambigua⁸
264 2807 429 2870 beliorum
451 2807 517 2869 fata
537 2775 772 2870 reformidans.
793 2821 827 2870 et
849 2827 891 2869 ex
912 2826 1041 2870 summa
1063 2827 1134 2889 pru·

7 2941 8 2964 1
89 2896 212 2968 dentis,
233 2894 327 2975 juxta
350 2889 512 2956 nominum
535 2892 634 2966 illud,
664 2890 776 2954 omnia
798 2891 897 2992 prins,
916 2900 1022 2972 quam
1042 2913 1136 2955 arma

87 2995 289 3061 pertentans.
334 2977 520 3042 Amissos
511 2999 546 3040 ιιι
569 2976 656 3050 acie,
689 2978 763 3058 pius
787 2976 933 3076 principe
957 2979 1134 3060 plangenss
1216 2983 1220 2988 ’
1274 2959 1276 2970 ¹

8 3127 11 3136 ,
89 3079 121 3126 et
133 3064 321 3146 xhumanior
351 3063 499 3127 extincto
529 3062 622 3124 militi
644 3081 745 3142 quam
762 3061 935 3144 supersiti,
968 3063 1137 3144 longeque
1165 3089 1170 3096 ¹
1235 3111 1238 3126 .

8 3189 9 3192 κ
89 3149 207 3230 majori
230 3150 346 3212 dolore
368 3157 517 3212 mortuos
540 3149 675 3229 iugens,
708 3167 807 3228 quam
830 3146 927 3210 vivos
950 3149 1139 3212 amore-de-

8 3283 11 3306 ,
89 3237 251 3298 mulcens.
295 3233 496 3314 Urgentibus
518 3233 738 3296 incommodis
760 3244 862 3314 nemo
881 3232 1070 3313 benignior:
1092 3255 1139 3298 re·
1227 3270 1230 3280 2
1275 3239 1277 3250 '

91 3337 222 3401 sumpta
250 3319 421 3384 securitate
451 3328 554 3380 nemo
558 3318 732 3400 rigidior.
778 3317 872 3380 Acer
892 3316 926 3378 in
950 3318 1139 3394 indomitos,

94 3405 271 3469 clemens
262 3425 298 3466 ιιι
320 3405 488 3476 subactos3
524 3386 663 3466 durus
655 3425 690 3464 ιιι
719 3403 935 3477 domesticos,
958 3403 1113 3466 effusus
1105 3425 1141 3466 ιιι
1182 3403 1185 3412 ’
1287 3430 1292 3453 ι

9 3531 40 3548 1-
94 3499 280 3553 extraneos.
344 3487 519 3570 Largus
510 3509 545 3550 ιιι
586 3489 731 3568 publico,
781 3505 895 3586 parcus
935 3487 970 3550 in
1002 3489 1140 3570 privato.
1221 3515 1223 3518 ·

8 3617 12 3644 2
93 3575 207 3660 Quem
232 3570 337 3640 semel
358 3593 499 3636 exosum
524 3573 692 3648 habuerat,
715 3572 1006 3645 inmemorem,
1040 3595 1140 3654 quem
1207 3585 1209 3591 '

9 3701 10 3706 κ
93 3661 197 3722 semel
219 3673 394 3735 amaverat,
417 3659 528 3721 visin
550 3659 665 3720 odium
682 3660 872 3722 revocabat.
914 3655 1044 3720 Avium
1068 3679 1142 3739 qua

91 3759 166 3805 rum
197 3747 309 3807 victus
333 3765 377 3807 err
404 3745 542 3825 praeda,
575 3745 692 3808 volatu
716 3733 922 3834 plurimum,
945 3763 1142 3822 canumque

18 3897 23 3906 ¹
95 3827 178 3892 ieras
201 3828 329 3892 narium
351 3828 523 3912 sagacitate
545 3827 826 3910 persequentium,
850 3845 917 3892 tam
939 3851 1023 3892 voce
1046 3848 1142 3890 sono
1154 3830 1157 3837 ’

96 3927 187 3976 raet
216 3935 380 3988 consona,
416 3933 514 3994 quarn
546 3935 642 3976 cursu
672 3912 781 3982 veloci
810 3914 893 3976 ultra
921 3915 1059 3975 modum
1089 3913 1147 3976 de‘

98 3997 251 4087 ιιιιιιιιιι
274 4015 318 4064 et
328 3997 453 4110 ιιιιιιιιιι
475 4013 542 4070 tam
564 3999 736 4072 devotioni
759 3995 906 4082 deditus,
924 4017 1024 4083 quam
1045 4017 1143 4062 vena

282 4129 284 4136 s
326 4121 363 4154 ,‚
593 4137 595 4144 ,
753 4127 756 4134 .
1041 4081 1140 4148 tioni-
