2682 4756
1016 421 1094 510 aod

67 597 135 685 quid
155 599 320 664 residuum
343 617 416 664 esse
438 599 560 680 potuit,
582 601 639 666 vel
661 599 695 664 in
718 603 900 679 castellnm,
924 606 1016 686 qbod
1037 605 1095 670 im·
1167 627 1169 634 ·

67 689 197 752 minebat
222 685 304 767 urbi,
334 685 522 766 abigerent,
555 688 612 750 vel
635 687 669 750 in
692 688 753 751 alia
776 686 945 772 quaelibet
967 690 1096 758 diverti·

67 776 127 836 cula
148 773 345 853 effugarent:
380 789 444 833 nec
467 771 561 834 aetati
585 793 648 836 nee
670 775 784 848 sexui,
805 793 869 838 nec
892 774 997 838 cuivis
1020 797 1097 842 oon·

67 859 165 922 ditioni
187 859 282 920 ndc'te
305 855 359 918 illa
381 855 546 918 indultum
570 873 642 920 estu
690 860 770 920 Nox
793 873 860 926 etat
884 859 1038 942 ambigua
1061 866 1109 934 εἴ
1166 854 1169 864 ’

64 945 131 1010 ideo
151 941 324 1024 promiscui
347 959 445 1004 sexus
467 943 595 1004 nullutn
620 947 805 1024 exceperat.
865 945 949 1008 Dies
972 946 1093 1010 illuxit«
1142 972 1150 1032 ·,
1227 991 1230 1014 t

67 1045 94 1092 et
118 1027 407 1108 quitmorabantur
434 1026 468 1088 in
500 1028 625 1102 castris,
650 1023 930 1108 ¹tumultuantibus
952 1030 1096 1114 populis,
1145 1091 1147 1098 .

67 1131 94 1178 et
110 1113 314 1177 reboantibus
344 1111 440 1174 exciti
462 1111 571 1188 lituis,
604 1116 766 1178 vexillum
789 1116 980 1185 Bonmundi
1004 1115 1096 1186 vide,

66 1205 131 1274 runt
155 1214 189 1261 et
216 1202 442 1278 agnoverunt,
476 1211 513 1260 et
539 1199 580 1262 de
609 1217 700 1280 cepta
731 1199 861 1264 civitate
884 1199 988 1282 gavisi
1008 1215 1095 1262 sunt.
1135 1255 1138 1286 ¹

68 1288 271 1348 Cucutrerunt
293 1281 390 1364 igitur
412 1284 453 1343 ad
474 1297 594 1363 portes,
618 1303 649 1346 et
666 1285 881 1360 introeuntes,
906 1287 932 1347 si
951 1305 1036 1365 quos
1050 1287 1095 1348 in·

67 1383 215 1432 venerunt
236 1364 382 1441 Tuscos,
412 1367 640 1450 subterfugere
663 1371 856 1444 molientes,
890 1369 1094 1434 ceciderunt:

68 1469 95 1518 et
117 1454 193 1518 facta
220 1465 272 1518 est
298 1451 354 1515 llla
383 1451 453 1516 dies
483 1454 625 1516 maxima
647 1454 819 1536 gentilium
843 1473 974 1536 strages.
1016 1457 1095 1522 Nox

68 1539 115 1600 illa
140 1551 170 1606 et
192 1529 290 1600 mine
319 1537 411 1612 illud,
433 1539 588 1604 lethalem
611 1541 739 1622 peperit
762 1539 978 1604 Antiochenis
999 1540 1096 1604 fortu-

67 1642 141 1686 nam.
182 1623 327 1714 Quidam
352 1623 448 1688 etiam
473 1643 660 1710 perpetras
686 1625 753 1686 vivi
777 1624 985 1706 effugerunt,
1017 1645 1096 1708 quo·

68 1709 141 1770 niani
162 1703 361 1800 ¹impetuosis
391 1704 710 1792 Francisincogniti
733 1711 876 1788 fuerunt,
921 1703 1095 1774 Cassiinus
1204 1777 1211 1784 ,

69 1809 163 1857 antem
183 1797 370 1856 Tuscorum
400 1795 554 1856 dominus
585 1795 669 1857 inter
697 1795 862 1877 fugientes
885 1795 1043 1868 delituit3·
1065 1814 1098 1860 et
1130 1863 1132 1880 ¹

23 1875 25 1914 ἶ
68 1879 167 1960 nescio¹
186 1881 369 1962 quomodo,
390 1899 460 1942 non
483 1876 602 1940 minori
625 1897 735 1942 tamen
759 1868 948 1955 infortunio,
971 1883 1031 1944 sed
1054 1883 1097 1954 di-

68 1963 260 2040 lato,vivus
284 1964 418 2048 aufugit.
472 1960 634 2028 Pervenit
662 1967 754 2030 enim
782 1965 817 2026 in
846 1967 1010 2030 Tancredi
1040 1963 1098 2028 tet·

68 2070 141 2127 rant,
171 2051 254 2114 ultra
277 2065 376 2132 quam
398 2049 485 2134 credi
508 2062 617 2132 potest
638 2050 807 2130 palpitans.
852 2051 1022 2113 Incertum
1045 2052 1097 2116 ha·
1153 2085 1156 2102 ι

68 2136 159 2209 betur,
180 2152 221 2200 en
245 2136 344 2202 tonus
367 2155 484 2215 expers
499 2137 655 2217 ,coniugii
677 2135 875 2210 discesserit,
909 2157 952 2198 sn
974 2139 1014 2200 ed
1037 2139 1097 2210 dis-

23 2265 26 2270 .
70 2221 249 2297 quirendum
276 2235 294 2284 a
317 2219 550 2284 contribulibus
573 2242 648 2292 ‚suis
680 2222 879 2300 adjutorium
902 2221 1096 2286 discurrerit·

69 2303 146 2367 lllttd
167 2321 292 2370 certum
315 2305 470 2380 habetur,
504 2307 661 2385 quoniam
691 2307 716 2366 si
740 2307 908 2368 castellum
931 2327 1027 2368 suurn
1051 2310 1107 2368 in*
1163 2355 1166 2366 .

70 2390 197 2466 troisset,
233 2389 295 2454 sibi
319 2393 450 2472 suisque
474 2391 691 2472 opportunius
714 2389 942 2454 consuluisset.
993 2393 1097 2471 Equis
1139 2402 1142 2407 '
1186 2413 1190 2425 *

70 2492 137 2557 ergo
165 2475 228 2539 suis
259 2475 488 2556 sodaliumque
518 2491 651 2537 snorum
682 2477 730 2536 ad·
745 2493 930 2538 extremum
951 2474 1098 2557 fatigatis,

71 2557 186 2624 coactns
219 2563 400 2632 substituit3
434 2576 467 2623 et
495 2563 528 2622 in
559 2563 726 2640 quoddam
757 2561 923 2641 tugurium
956 2561 1099 2640 divertit,

71 2641 168 2728 ibique
190 2647 358 2720 nonsatis
380 2647 522 2710 fideliter
543 2647 679 2712 delituit.
745 2647 826 2710 H‘oc
849 2646 973 2712 etenim
995 2649 1100 2730 regio·

71 2729 123 2790 nis*
135 2732 217 2798 illius
241 2735 371 2796 accolae
387 2747 582 2816 «comperto,
615 2731 740 2795 Suriani
770 2729 924 2794 videlicet
952 2734 1008 2794 vel
1036 2734 1099 2797 Ar·

72 2817 176 2892 minii,
205 2837 368 2878 concursu
389 2817 424 2878 in
447 2839 524 2882 eum
547 2817 648 2891 fecto,
677 2837 777 2898 super
797 2817 1034 2892 incubuerunt;
1068 2835 1102 2883 et

73 2902 255 2980 apprehensi
279 2919 374 2984 capnt
397 2919 665 2982 amputaverunt,
701 2919 744 2966 et,
762 2917 962 2983 amputatum
992 2898 1101 2966 co‘ratn

59 2985 258 3050 ,Boamundo
282 2988 486 3059 detulernnt3
510 3003 546 3049 nt
567 2989 688 3051 scilicet
711 2985 830 3060 taliter,
852 2989 952 3068 ipsius
975 3009 1102 3071 prome·
1178 3023 1180 3028 v

72 3085 209 3136 retentus
229 3071 381 3155 glatiem,
415 3072 542 3154 ipsique
564 3073 710 3152 libertate
740 3075 941 3136 donarentur
967 3091 1001 3136 et
1023 3073 1102 3154 poti-

73 3171 175 3218 rentur
194 3173 312 3240 optata.
344 3152 501 3239 'Cassiani
524 3174 644 3230 antem,
667 3158 928 3232 viriolarissimi,
951 3159 1024 3222 finis
1042 3150 1106 3223 fuit‘

75 3240 219 3305 obscurus
249 3259 283 3305 et
305 3243 505 3306 miserabilis.
550 3246 649 3306 Tales
672 3251 747 3304 sunt
770 3261 845 3306 tneo
869 3249 1103 3308 remuneratio·
1178 3303 1181 3317 ,

74 3343 142 3402 nes,
169 3329 336 3394 mundana
360 3329 569 3410 prosperitas:
599 3328 789 3408 hujusmodi
811 3337 886 3392 sunt
909 3345 964 3392 tua
985 3331 1104 3413 stipen-

76 3410 136 3485 dia,
157 3415 253 3476 falla-x
277 3429 311 3478 et
333 3413 508 3494 deceptiva
529 3415 677 3476 fortuna!
722 3415 871 3477 Gentiles
893 3417 964 3480 latis
988 3433 1021 3480 et
1042 3421 1105 3480 l'nr·
1245 3469 1247 3477 t

75 3507 164 3560 tunae
186 3498 533 3578 nimls'adquiescunt.
579 3501 667 3561 Ecce
690 3497 865 3575 Cassianus
888 3501 1012 3577 infelix,
1036 3506 1103 3568 dux
1191 3561 1194 3574 .
1247 3529 1252 3536 ·

77 3593 105 3640 et
134 3583 330 3644 admirabilis
363 3583 614 3659 Antiochentts,
664 3581 765 3650 h'odie
801 3577 974 3650 miserabili
1008 3607 1129 3678 sorte„

77 3665 240 3731 miserabili
263 3685 463 3750 praeventus
485 3670 675 3744 infortunio,
698 3671 840 3752 satisque
861 3672 1106 3738 infestisdelu·
1151 3723 1154 3744 ,

77 3767 141 3826 sus,
165 3754 346 3835 perimitur.
389 3757 478 3820 Ecce
501 3775 636 3840 germen
658 3757 802 3838 regium,
838 3752 993 3840 tanquam
1015 3760 1128 3839 quill..
1166 3809 1172 3826 .

77 3833 126 3898 bet
156 3839 188 3900 in
221 3856 362 3903 stercore
396 3858 506 3916 natus,
541 3842 734 3905 indecenter
752 3862 902 3926 ¹corpore
934 3845 1105 3910 inhumato
1157 3845 1159 3855 '

73 3921 228 4000 plectitur.
273 3927 426 3990 Balteum
450 3942 559 3990 autern
578 3927 653 4011 ejus
682 3943 716 3993 et
739 3920 908 4012 vaginam}
941 3929 1107 4010 sexaginta

79 4007 257 4090 Byzanteoe
284 4013 572 4095 appreciaveruntt.
596 4035 599 4043 ’
620 4015 747 4080 Gentes
777 4013 868 4080 enim
894 4013 971 4082 illae
999 4014 1107 4095 hujus-

129 4104 152 4144 “»
612 4106 613 4114 ’
716 4103 720 4108 ’
944 4129 945 4132 “
1014 4101 1110 4166 modi
