2664 4754
87 331 93 348 ’
161 337 303 453 *aba

144 620 148 628 ,
188 560 192 568 ’
221 549 309 614 aima
331 547 422 628 leges
445 539 592 620 antiquas
615 533 761 623 stregai
784 537 1040 606 consuetudines
1062 543 1262 623 continebat,

157 643 188 711 ι
223 637 431 704 affirmantes,
454 629 556 716 quod,
578 623 639 688 nisi
657 647 715 691 rex
733 624 802 686 illas
820 625 1033 690 incontinenti
1052 625 1263 709 concederet,

222 739 254 786 et
277 717 374 801 sigilli
395 713 580 776 munimine
602 713 818 784 confirmaret,
840 709 900 792 ipsi
922 733 982 792 per
1003 713 1193 794 captionem
1217 741 1262 782 ca-

221 823 360 868 strorum
382 813 715 888 suorumnterrarutn,
738 812 770 860 et
791 815 1048 876 possesstonunr,
1068 801 1194 880 ¹ipsum
1218 828 1262 868 re,

220 913 296 974 gem
320 886 572 967 compellerent,
601 883 709 946 donec
738 901 836 960 super
859 882 1039 960 praemissis
1061 887 1279 954 satisfaceret.

132 982 143 1022 '·
218 987 453 1056 competenter.
519 963 617 1030 Ttinc
656 965 917 1046 archiepiscopus
954 988 1030 1030 cum
1063 973 1161 1052 sociis
1196 977 1260 1038 suis

219 1061 410 1124 schedulam
437 1055 525 1116 illam
553 1053 596 1114 ad
622 1073 735 1134 regem
765 1051 934 1126 deferens,
970 1053 1108 1134 capitula
1131 1059 1261 1140 singula

219 1167 328 1208 coram
355 1144 427 1224 ipso
454 1137 644 1202 memoriter
671 1135 827 1200 recitavit.
869 1133 945 1200 Rex
973 1157 1081 1202 autem
1112 1162 1192 1204 cum
1216 1167 1260 1208 ca-

144 1291 148 1308 ,
220 1219 397 1312 pitulorum
420 1242 570 1290 tenorem
591 1222 818 1300 intellexisset,
847 1241 923 1282 cunt
945 1221 1261 1306 indignationem.

217 1317 306 1378 xima
335 1315 537 1374 subsannans
567 1307 628 1370 ait:
661 1321 695 1372 et
722 1327 822 1400 quare
852 1326 928 1368 cum
955 1309 1021 1371 istis
1050 1311 1171 1391 iniquis
1208 1337 1260 1380 ex.

115 1465 120 1486 .
218 1400 410 1472 actionibus,
432 1398 571 1457 barones
594 1414 664 1454 non
685 1395 851 1473 postulant
871 1395 1034 1476 regnum?
1057 1418 1145 1460 vana
1170 1419 1260 1477 sunt,

107 1552 115 1567 x
209 1485 342 1566 inquit,
370 1498 403 1546 et
432 1479 652 1562 superstitiosa
679 1499 765 1558 quae
787 1493 920 1558 petunt,
948 1498 1009 1544 nec
1032 1481 1144 1562 aliquo
1166 1487 1258 1548 ratio-

215 1571 266 1632 nis
288 1571 381 1632 titulo
401 1567 589 1630 fulciuntur.
631 1561 823 1646 Aibnnavit
845 1566 977 1628 tandem
996 1585 1070 1629 cum
1090 1570 1258 1647 juramen-

216 1671 250 1717 to
271 1653 483 1726 furibundus,
512 1650 602 1729 quod
624 1647 980 1732 nunquamtalesjllis
1002 1654 1204 1718 concederet
1225 1657 1257 1718 li-

214 1745 365 1816 bertates‚
393 1739 484 1800 unde
512 1736 582 1816 ipse
611 1733 795 1797 efficeretur
822 1751 948 1798 servus.
972 1742 974 1746 ’
999 1734 1149 1818 Capitulis
1179 1749 1264 1826 qup-¹

215 1847 281 1907 que
303 1820 414 1907 legum
437 1837 471 1886 et
490 1821 685 1894 libertatum,
707 1839 793 1899 quae
814 1817 859 1880 ibi
880 1836 1047 1901 magnates
1069 1824 1258 1890 confirmari

103 1931 106 1942 ·
156 1959 161 1974 .
215 1915 431 1992 quaerebant,
471 1905 585 1988 partim
618 1905 653 1966 in
685 1904 794 1966 charta
826 1902 910 1985 regis
939 1905 1079 1968 Henrici
1101 1914 1255 1990 superius

214 1997 329 2078 scripta
351 2009 443 2067 sunt,
471 1991 652 2072 partimque
675 1989 867 2070 exlegibus
893 1987 977 2072 regis
1004 1991 1180 2056 Eadtvardi
1206 2019 1257 2058 an.

179 2127 182 2135 .
214 2082 310 2162 siquis
333 2091 495 2157 excerpta,
517 2074 599 2158 sicut
619 2090 762 2153 sequens
786 2073 915 2136 historia
941 2093 1002 2138 suo
1021 2091 1178 2160 ¹tempore
1204 2084 1271 2152 dest

212 2163 353 2230 clarabit.
386 2166 470 2228 Cum
493 2163 602 2240 itaque
624 2157 885 2240 archiepiscopus
908 2173 941 2222 et
963 2157 1169 2227 Willislntus
1191 2189 1255 2234 ma.

211 2251 389 2317 reschallus
420 2267 533 2330 regem
573 2245 614 2306 ad
646 2263 851 2334 ‘consensum
883 2244 1040 2312 inducere
1063 2243 1271 2332 nullatenus·

206 2333 401 2424 potuissent,
425 2335 464 2395 ad
483 2329 664 2414 jussionem
688 2328 772 2410 regis
793 2332 834 2391 ad
856 2331 995 2393 barones
1018 2350 1093 2394 sunt
1114 2341 1254 2415 reversi,

105 2433 113 2452 ⁸
210 2421 322 2486 omnia
343 2438 469 2501 quae'a
491 2437 568 2496 rege
595 2411 766 2476 audierant
794 2435 853 2494 per
881 2418 1251 2494 ordinemreferentes.

210 2511 306 2598 Quae
338 2527 416 2566 cnm
449 2517 614 2581 magnates
647 2497 889 2580 cognovissent,
918 2502 1157 2568 constituerunt
1185 2512 1251 2572 ,Ro-

208 2597 338 2658 bertunt
360 2589 465 2652 filium
487 2581 626 2665 Walteri
647 2583 828 2666 principem
850 2583 983 2648 militiae
1010 2607 1105 2664 suae,
1141 2596 1242 2674 appel

207 2681 315 2743 lantes
344 2695 422 2740 eum
450 2671 700 2735 mareschallum
729 2669 889 2736 exercitus
920 2670 989 2736 Dei
1021 2688 1055 2738 et
1087 2679 1248 2744 ecclesiae

206 2752 357 2837 sanctae,
395 2776 428 2822 et
457 2759 502 2820 sic
530 2750 649 2836 singuli
679 2757 719 2818 ad
748 2775 836 2818 arma
864 2744 1094 2834 convolantes,
1131 2751 1250 2840 versius

205 2847 457 2914 Norbantunam
477 2843 560 2906 acies
579 2840 776 2904 direxerunt.
806 2842 884 2928 Quo
907 2861 980 2906 cum
1004 2843 1249 2925 pervenissent,

195 2923 292 2998 'illico
322 2930 464 2994 ‘castrum
498 2926 670 2990 obsidione
711 2925 948 3011 vallaverunt.x
992 2932 1148 3015 {dumque
1188 2958 1247 3016 per

125 3035 129 3051 ¹
205 3021 274 3084 dies
304 3014 492 3100 quindecim
522 3011 659 3075 inaniter
686 3010 808 3074 ibidem
836 3027 967 3090 'moram
1000 3018 1246 3098 protraxissent,

126 3175 129 3191 Ι
203 3121 238 3170 et
259 3124 383 3188 parum,
405 3101 507 3162 immo
529 3097 610 3160 nibil
631 3095 859 3177 perfecissent,
881 3111 982 3164 castra
1002 3095 1081 3162 inde
1103 3123 1246 3170 movere

205 3193 434 3270 decreverunt.
477 3187 619 3264 Nempe,
638 3185 761 3263 absque
790 3183 938 3262 petrariis,
962 3197 995 3246 et
1024 3183 1095 3248 aliis
1118 3191 1245 3253 bellicis

100 3327 103 3334 .
202 3271 425 3340 instrumentis
447 3269 675 3340 advenientes,
694 3287 764 3332 non
787 3269 858 3332 sine
882 3269 1089 3346 confusione,
1117 3273 1244 3340 infecto

133 3406 138 3415 .
200 3361 353 3440 negotio,
392 3357 434 3419 ad
461 3371 598 3431 castrum
627 3353 670 3414 de
698 3352 886 3418 Bedeiorde
907 3352 971 3417 xftlii
997 3355 1137 3431 walteri
1167 3379 1244 3424 cnm

201 3445 397 3525 quibusdam
420 3437 504 3515 aliis,
527 3438 634 3520 capite
645 3435 784 3518 spiculo
808 3439 938 3502 balistae
962 3441 1144 3519 terebrato,
1173 3467 1244 3508 non

200 3533 272 3592 sine
300 3529 477 3590 multorum
507 3525 621 3587 dolore
650 3521 769 3586 interiit
796 3523 1028 3588 miserabiliter.
1081 3512 1243 3611 Cumque

194 3617 302 3678 dictus
331 3613 489 3677 exercitus
518 3609 559 3672 ad
581 3622 719 3692 castrpnr
748 3607 795 3671 d'e'
812 3595 1241 3692 Bedeforde‘pervenisset,

198 3723 217 3762 a
245 3698 430 3763 Willielmo
458 3699 499 3758 de
526 3695 740 3774 Bellocamp'o
769 3699 960 3758 reverenter
986 3699 1130 3778 suscepti
1154 3718 1240 3764 sunt,

197 3784 377 3848 Venerunt
403 3783 512 3862 itaque
543 3783 582 3842 ad
612 3799 670 3844 eos
698 3777 819 3842 ibidem
846 3779 957 3842 nuncii
979 3781 1020 3842 ab
1044 3785 1127 3847 urhe
1150 3785 1238 3857 Lun-

196 3871 379 3944 donisrum,
400 3867 562 3931 secretius
583 3864 630 3929 eis
651 3863 842 3940 indicantes,
864 3865 965 3944 quod,
988 3865 1015 3927 si
1037 3869 1169 3932 vellent
1185 3893 1234 3932 ur·

194 3956 244 4019 bie
265 3957 449 4040 ingressum
469 3951 609 4028 habers,
641 3965 719 4028 cunt
738 3949 948 4038 serenatione
969 3949 1055 4025 illuc,
1069 3955 1235 4044 venirent.

1031 4057 1032 4065 ¹
1184 4041 1232 4104 At
