2664 4754
58 559 142 622 fores
166 550 271 636 ¹regias
294 548 540 628 observantium
562 547 681 633 pariter
702 529 874 614 irruerunt.
901 545 969 620 Et
990 535 1099 635 primo

59 645 193 724 quidem
222 631 447 728 percutiebant
477 655 589 718 pugno
616 637 735 718 impie,
770 657 849 698 mox
866 652 963 704 varo
998 643 1098 706 velte

59 725 215 792 tuentius
227 723 359 815 efferati
393 720 594 784 sustulerunt
612 721 718 804 ligna
746 735 778 785 et
813 721 948 804 lapides.
993 727 1129 794 Ροιιο
1214 798 1217 812 ¹

60 809 175 878 ludaei
204 798 324 894 lugam
346 808 505 880 inierunt,
548 805 583 866 in
605 808 695 906 fuga
685 809 856 882 nonnulli
884 802 1100 891 caesinaque
1146 850 1152 858 1
1187 843 1188 846 ¹

61 903 99 962 ad
123 911 273 968 rnortern,
297 891 430 974 quida'rn
454 894 549 955 etiam
573 891 703 972 protriti
719 895 906 974 perieruntl
925 896 1102 962 Venerant

62 1003 169 1048 autern
198 982 275 1062 illuc
304 999 379 1040 cum
401 978 551 1044 caeteris
576 979 643 1039 duo
673 979 802 1042 nobiles
834 980 952 1042 Judaei
981 981 1116 1046 Ebora·

62 1087 191 1142 censes,
231 1069 351 1128 loceus
381 1063 511 1126 scilicet
531 1077 563 1126 et
591 1065 834 1138 Benedictus,
831 1083 994 1168 quorum·
1015 1070 1103 1150 prior

63 1157 172 1230 evasit,
195 1171 346 1235 sequens
362 1169 461 1223 vero,
496 1151 576 1209 dum
588 1148 730 1231 plagis
722 1149 880 1229 impositas
903 1153 1035 1232 segnius
1057 1157 1104 1216 fu·

64 1255 159 1330 geret,
180 1195 461 1318 eomprehensusi
476 1249 512 1295 ut
533 1249 674 1298 mortem
693 1233 848 1309 differret,
871 1235 1033 1300 Christum
1054 1261 1105 1302 co·
1258 1311 1262 1316 ,

20 1316 27 1331 ”
67 1344 149 1388 actus
172 1339 224 1386 est
245 1321 403 1394 confiteri,
433 1319 655 1420 ductusque'
646 1339 681 1380 ιιι
704 1320 875 1383 ecclesiam
898 1321 994 1385 illico
990 1325 1105 1407 bapti
1217 1329 1221 1355 '

65 1431 150 1475 zatus
173 1425 234 1471 est
268 1409 411 1469 Interea
434 1410 550 1473 rumor
568 1403 775 1504 gratissimus,
796 1409 886 1484 quod
909 1408 1029 1474 scilicet
1047 1429 1117 1473 rex

66 1499 176 1558 omties
199 1495 362 1556 Judaeos
370 1490 577 1554 exterminari
594 1489 765 1570 jussisset,
812 1506 895 1554 totas
924 1493 1106 1560 incredibili

39 1579 41 1586 ⁴
67 1579 227 1646 celeritate
251 1577 405 1660 percurrit
427 1575 639 1656 Lundonias‚
665 1595 744 1636 mox
766 1576 913 1640 infinitus
935 1571 1157 1665 indiscipli

66 1683 215 1730 natorum
237 1665 398 1750 populus,
433 1678 497 1742 tarn
521 1681 562 1723 ex
585 1661 653 1741 ipsa
676 1661 824 1760 civitate,
848 1684 948 1743 quarn
970 1687 1013 1728 ex
1033 1667 1107 1744 illis,

68 1773 160 1850 quos
167 1749 255 1813 illuc
284 1769 326 1811 ert
354 1747 549 1830 provinciis
558 1745 708 1829 plurimis
737 1747 899 1810 unctionis
927 1751 1060 1834 regiae
1054 1773 1108 1814 so·
1174 1763 1182 1774 ”

36 1843 52 1902 ’.
67 1836 214 1902 lemnitas'
237 1849 390 1907 traxerat,
422 1847 561 1894 armatus
585 1833 736 1906 accurrit,
764 1834 890 1915 spirans
894 1829 1110 1934 praeclarum

70 1941 100 1988 et
127 1919 273 1986 caedis
264 1941 300 1981 ιιι
328 1919 507 2016 populum,
527 1919 608 1983 Dei
637 1917 762 2000 judicio
796 1919 918 1983 cunctis
950 1913 1109 1988 invisum.

19 2024 41 2072 .’
70 2012 167 2071 Porro
197 2007 290 2069 cives
306 2003 451 2104 ‚Jtu‘ffli’
486 2025 626 2082 quorum
651 2006 826 2066 multitudo
847 2005 1034 2069 Lundoniis
1056 2011 1109 2071 ιιι·
1186 2052 1192 2062 ι
1236 2052 1239 2062 «

70 2075 163 2156 bitare
186 2089 384 2164 dinoscitur,
421 2109 495 2151 curn
520 2089 591 2187 illis,
619 2087 676 2168 qui
698 2089 922 2170 undecunque
945 2075 1110 2156 confluxti·
1168 2161 1172 2170 ,

65 2193 151 2252 rant,
182 2179 221 2238 in
243 2178 360 2236 domos
383 2195 418 2238 se
442 2174 586 2254 proprias
607 2191 813 2256 receperunt.
858 2178 1110 2242 Circumdantur

73 2255 312 2328 aferventibus
335 2259 475 2342 populis,
499 2259 701 2340 fortiterque
713 2271 956 2343 oppugnantur
967 2267 1006 2324 ab
1029 2265 1114 2328 hora.

73 2372 155 2412 nona
183 2367 306 2432 usque
324 2349 362 2406 ad
392 2344 468 2404 solis
497 2365 649 2406 occasum
678 2347 817 2409 eaedem
839 2350 969 2409 domus.
1014 2351 1112 2436 Quae

75 2433 227 2514 quoniam
257 2418 391 2512 prbpter
417 2430 570 2490 fabricam
600 2426 778 2492 firmiorem
809 2431 951 2532 effringi
964 2453 1049 2508 non
1057 2457 1113 2536 po·⁸

75 2535 182 2618 terant,
205 2536 240 2580 et
261 2515 443 2582 furentibus
466 2513 636 2577 machinae
659 2517 812 2592 deerant,
844 2517 921 2608 igne
946 2519 1034 2582 tectis
1057 2509 1114 2585 itu-⁸
1189 2529 1195 2566 ῑ
1247 2510 1250 2532 ¹

34 2671 35 2677 ι
75 2607 200 2676 misso,¹
198 2601 409 2664 horrendum
432 2601 495 2662 cito
518 2600 652 2662 colluxit
673 2563 881 2677 incendium,
905 2607 995 2684 quod
1019 2621 1051 2668 et
1073 2607 1114 2666 tat

76 2690 261 2774 borantibus
283 2685 417 2750 ludaeis
441 2685 539 2748 exitio
562 2685 639 2761 fuit,
675 2701 708 2748 et
729 2648 911 2750 furentibirs
935 2689 1114 2752 christianis
1138 2707 1144 2725 t

47 2765 162 2836 'tn
132 2790 293 2838 nocturno
317 2781 417 2852 ope're
440 2771 520 2832 lucis
544 2770 739 2852 adjutorium
762 2775 923 2873 praebuit.
964 2779 1038 2840 Nec
1066 2797 1115 2837 so
1175 2789 1186 2822 ι

79 2861 114 2923 lis
146 2858 280 2940 ludaeis
317 2856 499 2941 specialiter
536 2856 571 2940 in
608 2877 671 2930 eos
696 2877 851 2921 accensus
880 2859 962 2945 ignis
991 2861 1115 2936 nocuit,
1181 2863 1196 2878 ’“
1244 2921 1248 2928 ,

81 2945 152 3025 quia
185 2931 386 3007 discretionis
421 2941 549 3016 nescius
578 2944 759 3004 nonnullas
786 2964 921 3024 quoque
950 2945 1132 3026 proximas

81 3031 323 3092 christianorum
353 3029 450 3090 aedes
480 3025 641 3108 corripuit.
717 3029 882 3092 Videres
890 3049 1028 3112 repente
1058 3034 1117 3102 clu-

81 3115 199 3178 rissirna
222 3113 310 3176 urbis
328 3114 409 3186 loca,
426 3112 550 3192 flammi
552 3133 565 3174 s
581 3107 742 3187 civilibus,
765 3130 919 3214 tanquanr
937 3118 1118 3218 hostilibus,

68 3201 265 3263 ‘mirabiliter
300 3199 511 3279 conflagrare
552 3199 672 3260 Judaei
700 3219 782 3280 vero
819 3204 874 3263 vel
911 3201 945 3262 in
981 3203 1153 3284 propriis

26 3350 33 3364 „
84 3291 295 3348 torrebantur
309 3285 459 3357 aedibus,
490 3284 548 3344 uel
569 3269 775 3365 egredientes
797 3286 1044 3368 excipiebantur
1064 3304 1120 3353 en

85 3371 184 3433 sibus:
212 3371 354 3430 mullum
377 3368 544 3449 sanguinis
565 3369 609 3428 in
624 3369 716 3430 brevi
738 3370 866 3442 fusum
864 3387 930 3434 est.
986 3371 1121 3439 Verum
1175 3387 1181 3397 ’

85 3455 144 3516 cito
166 3457 358 3518 satietatem
390 3455 539 3518 caedium
569 3453 698 3516 induxit
728 3453 842 3517 fortius
877 3461 1120 3525 excandescens
1192 3493 1194 3500 v

86 3541 202 3621 cupido
225 3541 431 3627 praedarum,
454 3537 597 3619 vicitque
620 3539 753 3601 avaritie
776 3543 1010 3608 crudelitatem
1054 3547 1121 3608 De·
1200 3600 1223 3620 ,1

84 3625 180 3713 nique
204 3625 330 3689 omissis
353 3613 533 3690 caedibus
553 3625 751 3706 expilandis
748 3627 894 3690 aedibus
918 3643 950 3692 et
973 3611 1132 3710 diripien·

86 3707 131 3772 dis
154 3703 288 3792 opibus,
317 3712 422 3791 rabies
445 3711 541 3772 adaia
563 3709 721 3790 incubuit.
774 3712 825 3774 At
846 3713 910 3775 hoc
932 3715 1183 3779 christianos

86 3811 177 3858 versa
208 3799 282 3872 vice
315 3795 494 3855 christianis
529 3795 616 3857 fecit
638 3795 790 3871 infestos,
835 3786 916 3860 duni
946 3801 1026 3862 alius
1060 3800 1125 3876 alii,
1198 3844 1204 3852 -
1263 3811 1292 3879 ,Q

86 3867 171 3956 quod
193 3880 276 3946 forte
296 3898 464 3960 rapuerat,
486 3879 660 3979 invideret,
689 3897 723 3942 et
744 3885 922 3962 praedandi
945 3873 1053 3977 studio
1076 3903 1122 3950 ne
1194 3938 1198 3943 .
1258 3959 1263 3971 ἱ

86 3967 198 4088 amicas
206 3971 348 4100 ιιιιιιιιιιι
371 3981 404 4029 et
426 3967 539 4040 saeris,
558 3965 660 4082 impia
682 3966 891 4032 aemulatritl
902 3963 1035 4034 avaritia
1055 3993 1130 4054 pass

1024 4075 1125 4124 cerei
