2688 4754
405 327 415 355 Ι
446 337 454 352 x

56 511 190 632 mutim,
214 567 252 622 et
272 553 393 640 rigen'a
415 553 535 627 summi
557 553 750 638 piscatoris,
768 553 954 640 procellis·
942 570 1099 620 tntumes

49 643 207 713 centibus
246 650 418 726 cogeretur
454 641 490 703 in
529 642 689 738 naufragii
726 645 890 726 profunda
922 639 1099 726 submergi.

71 729 161 794 Unde
182 725 210 798 si
230 727 336 810 placet
355 725 544 790 fraternitati
565 739 705 804 vestrae,
737 727 898 798 debemus
921 727 1098 820 auxiliante

69 817 139 880 Deo
159 811 275 874 futuris
298 807 431 874 casibus
446 813 631 900 prudenter
646 828 891 888 οιιιιιιιιιερει
912 795 1101 876 ecclesiasti·
1189 853 1213 864 --

21 933 28 938 -
73 895 234 970 metatui,
265 917 311 960 ne
331 893 493 960 rediviva
509 897 621 976 (quod
644 897 798 996 absit)
770 898 856 962 mala
877 899 1100 996 praevaleant,

72 984 291 1063 inposterum
319 981 508 1064 providere.
540 981 763 1080 Quapropter
789 979 936 1046 instructi
965 983 1100 1066 praede·
1186 1003 1191 1012 “

73 1086 231 1148 sessorum
251 1081 468 1142 nostrorum,
508 1062 714 1150 aliorumque
749 1083 937 1132 sanctorum
970 1085 1099 1151 patrum

73 1151 264 1228 auctoritate,
298 1145 517 1230 decernimus,
550 1167 648 1232 atque
674 1153 862 1226 statuimus;
894 1167 932 1216 ut
954 1156 1099 1218 obeunte

72 1237 160 1335 hujus
181 1239 356 1302 Romanae
374 1235 578 1300 universalis
608 1237 766 1302 ecclesiae
788 1235 994 1319 pontifice,
984 1257 1019 1302 tu
1041 1236 1101 1320 pri·

73 1321 125 1386 mis
146 1309 332 1386 Cardinales
355 1317 601 1404 diligentissima
624 1321 723 1406 simul
745 1321 1020 1388 consideratione
1026 1338 1101 1388 trac·

74 1421 182 1482 tames,
210 1405 305 1468 salvo
328 1405 439 1471 debito
461 1406 591 1490 honore
620 1422 653 1471 et
665 1389 871 1488 reverentia,
904 1407 1102 1472 dilectissimi

73 1490 122 1557 lilii
140 1491 240 1554 nostri
256 1489 428 1570 Heindoi,
461 1490 575 1572 quiin
596 1493 853 1574 praesentiarum
875 1513 934 1558 rex
955 1493 1102 1594 habetur,

73 1588 103 1642 et
125 1577 248 1642 futurus
273 1577 464 1676 Imperator
484 1578 562 1640 Deo
592 1579 797 1643 concedente
826 1593 989 1661 speratur,
1008 1578 1105 1644 sicut

21 1691 24 1700 ·
73 1678 148 1743 er,
179 1659 359 1728 mediante
398 1661 469 1754 ejus
508 1659 625 1726 nuntio
658 1661 911 1746 Langobardiae
936 1661 1103 1762 'caucella-

74 1745 125 1822 rio‚
154 1745 392 1824 concessimus,
422 1759 459 1809 et
490 1765 716 1812 successorum
747 1747 856 1828 illiu's,
889 1745 946 1844 qui
974 1751 1014 1812 ab
1042 1750 1103 1814 hac
1129 1815 1137 1841 ¹,

75 1829 256 1914 apostolica
260 1831 341 1895 sede
363 1831 577 1913 personaliter
604 1832 704 1894 hoe''
687 1851 748 1914 Jus
767 1831 1029 1914 impetraverint,
1062 1835 1105 1902 ad
1156 1863 1161 1878 ‚

75 1935 263 1980 consensum
283 1936 395 1981 novae
419 1915 588 1993 electionis
611 1919 778 1982 accedant
820 1917 988 1984 Nimirum
1015 1940 1104 2012 prae-

46 2029 50 2044 =
76 2016 226 2078 caventes,
248 2022 308 2066 ne
316 2001 498 2066 venalitatis
522 2003 656 2066 morbus
661 2001 818 2100 qualibet
837 2001 1010 2068 occasione
1032 2007 1118 2066 sub·

75 2102 170 2186 repat,
197 2085 342 2168 religiosi
368 2085 430 2148 viri
458 2107 535 2150 cum
562 2086 770 2152 serenissimo
798 2086 867 2151 filio
894 2103 1007 2154 nostro
1035 2089 1105 2172 regi

75 2167 240 2248 Heinrico,
285 2171 465 2253 praeduces
502 2171 567 2234 siut
605 2167 640 2234 id
678 2173 964 2255 promovendop
967 2165 1104 2237 ontificis

61 2255 273 2334 electionem,
294 2254 413 2338 reliqui
431 2271 545 2320 autem
544 2275 736 2355 sequaces.
773 2256 907 2338 Eligant
928 2273 1039 2356 autem
1061 2257 1104 2324 de

77 2339 165 2441 ipsius
186 2339 346 2406 eeclesiae
365 2341 505 2440 gremio,
518 2339 554 2409 si
575 2341 734 2424 reperitur
754 2339 913 2414 idoneum
936 2344 991 2406 vel
1012 2341 1039 2406 si
1060 2343 1122 2408 de·
1152 2378 1153 2382 =

77 2424 138 2506 ipsa
162 2445 230 2488 non
258 2426 442 2526 invenitur,
470 2447 515 2490 ex
543 2425 604 2488 alia
631 2443 821 2493 assumatur.
866 2425 1014 2525 Quod
989 2446 1016 2488 st
1018 2448 1113 2525 pra·¹

21 2531 22 2534 ¹
77 2529 185 2576 vorum
207 2525 306 2592 atque
328 2509 517 2610 iniquorum
538 2509 744 2574 homiuum'
734 2526 778 2574 tta
798 2511 991 2592 perversitas
1017 2509 1106 2576 inva-
1201 2571 1206 2586 ,

77 2595 178 2674 luerit,
208 2611 246 2664 ut
267 2616 365 2680 pura,
394 2595 535 2671 sincera,
564 2612 661 2676 atque
682 2596 819 2679 gratuita
840 2593 957 2680 electio
979 2594 1079 2662 fieri
1071 2616 1107 2662 tn
1173 2669 1176 2677 ¹

78 2682 149 2744 urbe
170 2699 240 2744 non
261 2681 380 2763 possit,
407 2681 483 2746 licet
504 2680 600 2779 pauci
621 2679 700 2757 sint,
733 2681 784 2762 ius
807 2675 918 2746 tamen
939 2679 1105 2780 potestatis

21 2789 23 2802 ι
78 2763 237 2830 obtineant
269 2765 413 2848 eligendi
445 2767 641 2848 apostolicae
674 2765 760 2829 sedis
800 2765 1035 2847 pontificemN
1049 2764 1108 2834 ubi

79 2869 146 2912 cum
165 2849 378 2924 invictissimo
400 2871 478 2934 rege
501 2851 733 2933 congruentius
750 2849 980 2950 judicaverint.
1001 2839 1108 2916 Plane
1141 2875 1146 2889 ¹
1248 2845 1252 2856 ’

79 2941 242 3018 postquam
262 2935 383 3000 electio
404 2935 503 3000 fuerit
523 2935 622 3012 sacta,
655 2937 683 2998 si
703 2935 820 3006 bellica
843 2951 1029 3019 tempestas,
1052 2935 1109 3000 vel

81 3021 317 3120 qualiscumque
339 3021 513 3087 hominum
542 3035 677 3084 conatus
699 3020 910 3120 malignitatis
931 3021 1040 3084 studio
1062 3041 1110 3084 re·
1179 3041 1190 3054 ’
1220 2994 1247 3037 ”’

80 3101 197 3182 stiterit,
224 3121 262 3170 ut
281 3105 320 3182 is,
349 3105 410 3186 qui
429 3107 552 3173 electus
575 3121 633 3182 est,
661 3105 696 3168 in
719 3105 895 3188 apostolica
916 3103 1027 3172 sede
1015 3120 1109 3197 Juxta

21 3245 27 3254 .
81 3189 346 3288 consuetudinem
373 3189 560 3292 ιιιιιοιιιιιιι
586 3213 656 3254 non
673 3184 811 3266 valeat,
844 3191 967 3254 electus
998 3173 1110 3254 tamen

81 3269 155 3336 sicut
174 3295 274 3338 verus
296 3295 391 3359 papa,
413 3276 616 3339 autoritatem
638 3275 786 3340 obtineat
804 3275 943 3358 regendi
965 3291 1110 3339 sanctam

60 3357 256 3424 ,Romanam
284 3362 474 3438 ecclesiam,
512 3373 544 3424 et
572 3361 771 3442 disponendi
792 3381 909 3424 omnes
940 3351 1109 3425 facultates

82 3439 174 3508 ιιιιιιιι
208 3447 315 3544 quod
326 3445 461 3512 beatum
491 3447 687 3530 Gregorium
716 3461 790 3510 ante
819 3465 913 3510 suam
945 3465 1111 3512 consecra

79 3523 196 3600 tionem
218 3522 334 3596 fecisse
358 3531 596 3616 cognoscimus.
647 3529 794 3619 Quod
770 3551 796 3610 ιι
817 3532 889 3612 quis
912 3539 1024 3593 contra
1045 3531 1110 3592 hoc

83 3611 230 3683 ιιοιιιιιιιι
261 3618 430 3688 decretum
466 3616 618 3724 sypodali
656 3615 817 3682 sententia
856 3617 1125 3716 promulgatum,

83 3715 149 3797 pet
154 3699 348 3766 seditionem
370 3703 427 3790 vel
448 3699 761 3802 praesumptionem,
795 3715 850 3767 aut
871 3700 1074 3799 quodlibet
1065 3719 1112 3764 m·

84 3783 208 3861 genium
229 3783 405 3876 electus,
395 3793 460 3853 aut
473 3786 656 3864 ordinatus,
679 3805 740 3872 ssu
761 3787 870 3862 etiam,
892 3787 919 3848 si
940 3783 1111 3850 intronize·
1192 3826 1194 3832 ·

84 3877 129 3928 tus
146 3865 260 3948 fuerit,
278 3887 349 3936 ιιοιι
370 3893 455 3971 papa
476 3872 535 3938 sed
557 3887 704 3949 catanus,
733 3891 804 3937 ιιοιι
826 3869 1020 3954 apostolicus
1049 3869 1110 3934 sed

83 3957 266 4084 apostaticus
282 3961 339 4038 ab
351 3951 504 4039 omuibus
526 3951 684 4034 habeatur
711 3973 744 4026 et
766 3969 980 4038 terruisset
1002 3968 1115 4104 ruotp.¹

1015 4054 1074 4106 rita
1089 4059 1108 4106 e
