2682 4756
880 467 885 480 ι
994 417 1070 542 n,

36 649 88 715 per
108 627 258 703 domurn,
292 643 377 710 quae
407 628 568 710 spaciosa
584 645 668 708 erat,
703 627 828 696 crudeli
854 631 1070 698 tuneretsrerss

36 721 159 780 nentes:
201 733 342 794 quorum
365 715 457 800 ‘adeo
486 711 652 798 sanguinis
680 717 768 778 facta'
793 732 842 780 est
864 717 1000 802 effusio)
1034 730 1071 776 ut

37 803 124 866 etiam
146 799 209 860 rivi
232 819 290 886 per
311 800 380 882 ipsa
403 801 594 880 pavimenta
626 803 735 884 regiae
759 805 852 864 aulae
876 803 1070 876 defluerent,

38 903 66 951 et
90 886 263 966 usquead
293 885 375 947 talos
404 883 496 948 fusus
526 907 621 950 cruor
631 901 850 956 raccresceret.
874 886 1072 960 .Sarraceni,

24 973 188 1052 interdum
211 985 404 1051 recuperato
427 969 539 1051 spiritu
562 989 595 1036 et
616 973 767 1044 viribus,
780 971 816 1032 in
837 971 1071 1034 defensionem

36 1060 139 1118 frustra
167 1055 353 1146 eriguntur:
380 1057 438 1120 sed
462 1073 578 1122 tamen.
600 1059 711 1142 plnres
740 1055 889 1120 fidelium
912 1057 1071 1136 incautos,

38 1158 139 1204 mutua
171 1143 274 1203 caede
308 1135 533 1222 perfoderunt.
599 1147 642 1208 In
676 1143 848 1208 cisternam
882 1157 991 1206 autem
1024 1163 1072 1204 re-

39 1229 128 1310 giam,
161 1247 248 1307 quae
279 1245 362 1294 ante,
383 1227 473 1292 for'es
502 1229 652 1308 ejusdem
681 1227 847 1310 palatii'in
868 1229 1007 1288 modurn
1031 1227 1072 1288 la-

40 1333 87 1372 rus
108 1302 357 1394 amplitudinem
381 1327 413 1376 et
434 1313 698 1393 magnitudinem
720 1313 891 1380 cavatione
914 1313 1071 1388 continet,

40 1395 225 1460 testudinem
248 1397 388 1462 iomicei
411 1399 518 1477 operis
543 1391 689 1480 desuper
710 1398 853 1472 habens,
882 1398 1072 1461 marmoreis
1175 1444 1180 1452 .

39 1475 170 1562 undique
190 1483 341 1546 ‘subnixa
381 1481 691 1568 columnis'plures
725 1486 979 1556 Sarraceuorurn
1012 1482 1072 1568 per

43 1569 165 1648 gradus,
195 1565 253 1647 qui
283 1569 323 1629 ad
353 1565 569 1632 hauriendam
592 1587 711 1648 aquam
732 1569 935 1634 introeuntes
958 1567 1075 1654 perdu-
1145 1639 1148 1650 s

24 1647 122 1726 sunt,
150 1653 386 1734 confugerunt:
427 1655 582 1732 quorum*
600 1652 654 1718 alii
690 1650 781 1732 aquis
809 1651 959 1716 suffocati
986 1670 1073 1727 sunt,

44 1738 87 1798 alii
102 1741 137 1799 ab
153 1737 406 1831 insequentibus
422 1737 610 1802 Christianis
626 1738 661 1800 in
669 1737 746 1820 ipsis
764 1739 916 1818 gradibus
937 1739 1072 1800 descen-

44 1823 127 1884 sionis
150 1817 321 1905 'perempti
357 1838 442 1884 sunt.
494 1825 561 1890 Per
589 1845 629 1890 ea
657 1839 739 1888 vero
768 1821 965 1897 foramina,·
985 1843 1070 1908 quae

43 1923 115 1968 trans
136 1909 338 1972 testudinem
362 1929 419 1974 ora
445 1907 481 1976 in
504 1909 643 1972 modurn
672 1907 984 1992 puteirhabebant,
1008 1925 1074 1972 tam
1138 1909 1140 1922 '

45 1993 196 2054 Christiani
220 1991 505 2075 quam'Sarraceni
527 1993 695 2078 praecipiti
718 1994 795 2076 fuga
817 2011 983 2074 caecoque
1007 2013 1074 2054 cnr-

45 2097 76 2137 su
101 2080 249 2142 cadentes
301 2099 373 2140 non
400 2081 509 2140 solum
538 2077 778 2144 submersione·
793 2077 1098 2161 periclitabantur,

46 2164 93 2224 sed
113 2179 143 2226 et
162 2123 271 2226 fractis
294 2163 385 2226 collis
417 2178 450 2230 et
473 2163 665 2239 cervicibus,
695 2179 750 2227 aut
767 2163 872 2247 'ruptis
891 2165 1074 2230 *visceribus
1159 2225 1163 2234 ,

47 2247 315 2330 extinguebantur.
365 2249 478 2330 Hujus
509 2247 632 2334 quippe
663 2248 823 2328 cisternae
848 2249 960 2330 regiae
990 2270 1079 2336 aqua,

46 2331 176 2396 inomni
199 2333 374 2398 obsidione
397 2334 484 2398 urbis
507 2335 547 2395 ad
570 2353 759 2399 mensuram
782 2331 909 2399 civibus
930 2333 1077 2416 indigen·
1159 2363 1161 2366 ·

48 2417 120 2500 tibus
138 2435 168 2483 et
189 2420 347 2502 militibus
371 2419 439 2481 dari
461 2420 596 2496 solebat,
620 2419 671 2482 ad*
684 2419 852 2502 aquandos
871 2438 986 2502 equos,
1008 2439 1078 2500 gre·

48 2517 95 2583 ges
120 2521 150 2568 et
176 2505 335 2570 universa
361 2505 532 2588 jumenta,
561 2517 593 2570 et
621 2503 662 2566 ad
691 2523 807 2567 omnes
830 2523 908 2568 usus
929 2523 1078 2570 necessa·
1171 2544 1177 2554 ·

49 2588 113 2656 rios.
147 2591 198 2652 Ex
221 2590 316 2652 omni
337 2589 719 2676 stillicidio'pluviarum,
742 2589 781 2653 ab
804 2587 905 2670 ipsius
928 2587 1002 2655 tecti
1024 2609 1077 2670 pa·
1104 2636 1106 2648 .

50 2671 114 2734 latii
125 2676 298 2756 canalibus,
320 2675 501 2759 templique
522 2674 663 2739 Domini
685 2673 866 2750 testudine,
887 2675 922 2740 et
941 2695 963 2739 a
981 2673 1076 2767 ¹tectis

42 2761 207 2823 ,multorum
237 2759 483 2835 aedificiorum,
514 2759 720 2834 confluente,
748 2759 831 2825 haec
859 2758 998 2824 cisterna
1026 2759 1079 2826 ad·
1126 2762 1132 2782 '

51 2841 205 2924 impletur,
247 2867 310 2928 per
348 2845 503 2908 circulum
528 2843 621 2910 ,anni
660 2843 809 2927 frigidam
843 2866 881 2907 ac
912 2847 1086 2911 salubrem·

51 2947 153 3006 aquam
194 2931 328 2998 abunde
370 2931 523 2996 omnibus
565 2929 631 2995 illic
666 2935 783 2996 urbem
822 2929 1078 3014 inhabitantibus

53 3015 271 3082 administrans.
315 3017 445 3102 Egressi
476 3031 587 3080 autern
609 3014 783 3095 Christiani
800 3017 953 3082 'victores
985 3037 1078 3098 apa·
1154 3053 1157 3060 n

51 3095 114 3162 latio
139 3111 210 3187 post
238 3101 375 3170 nimiam
394 3118 437 3168 ,et
458 3107 627 3166 cruentam
657 3103 794 3168 caedem
816 3089 1090 3175 Sarracenorrlrn,'
1152 3119 1154 3132 ·

54 3201 177 3267 qnorum
199 3189 317 3254 decern
340 3189 441 3252 millia
462 3187 496 3250 in
519 3187 590 3270 ipso
614 3187 814 3264 occiderunt,
835 3189 946 3270 plures
969 3185 1079 3268 copias

53 3271 224 3350 gentilium,
272 3282 344 3357 per'
363 3274 455 3336 vicos
488 3270 626 3338 civitatis
660 3289 803 3339 errantes
833 3271 971 3354 diffugio
989 3293 1080 3354 ,prae

53 3355 152 3421 tinore
181 3361 311 3434 mortis,
347 3357 382 3421 in
412 3350 469 3422 ore
498 3357 598 3442 gladii
625 3371 885 3441 percusserunts
908 3357 1082 3432 Mulieres,

35 3451 123 3516 'quae
143 3443 176 3504 in
198 3443 316 3506 turritis
338 3444 463 3526 palatiis
487 3459 519 3507 et
539 3441 631 3506 soliis
657 3445 888 3528 confugerant,
918 3463 1081 3519 mucrone

54 3526 269 3592 confoderunt:
290 3530 442 3604 infantes,
465 3529 572 3592 adhuc
593 3544 758 3611 sugentes,
780 3551 839 3612 per
859 3531 1004 3616 plantam
1026 3533 1089 3614 pe-'
1167 3554 1170 3567 ⁴
1261 3539 1265 3546 '

54 3607 92 3668 dis
117 3633 134 3673 e
160 3614 232 3677 sinu
262 3614 390 3690 matris,
420 3632 474 3676 aut
503 3615 673 3680 cunabulis
702 3629 863 3697 arreptos,
892 3614 994 3682 muris
1023 3611 1082 3678 vel

54 3693 192 3759 ostiorum
213 3699 381 3762 liminibus
406 3700 594 3773 allidentes,
624 3699 730 3766 fractis
759 3700 960 3776 cervicibus,
996 3700 1080 3763 alios

53 3780 132 3842 arrnis
152 3783 362 3860 trucidabant,
385 3785 464 3848 alios
482 3783 647 3866 lapidibus
667 3787 868 3862 obruebant3
880 3785 972 3864 ,nulli
992 3805 1081 3872 pror·

40 3875 95 3933 ¹tus
116 3869 203 3937 aetati
226 3885 282 3933 aut
302 3871 416 3954 generi
438 3870 610 3954 gentilium
634 3886 817 3952 parcentes.
875 3872 1079 3962 Quicunque

53 3963 121 4028 ergo¹
137 3955 271 4016 domum
294 3955 526 4037 auripatarium
548 3955 637 4040 prior
657 3955 851 4034 invadebat,
888 3975 965 4022 cum
988 3955 1083 4022 omni

42 4038 279 4116 ..suppellectile,
300 4041 480 4118 frumento,
502 4043 591 4120 oleo,
612 4041 741 4107 hordeo
764 4057 798 4110 et
819 4043 916 4119 vino,
939 4041 1085 4125 pecunia

167 4132 170 4146 '
1023 4142 1081 4196 aut
