2628 4748
214 339 297 462 ‘soi

220 559 446 648 Inventasque
467 557 555 634 rotis,
577 573 611 622 et
632 573 750 642 magno
771 557 921 660 ppndere
943 560 1051 622 firmas
1093 603 1095 615 .
1122 599 1126 605 -
1182 576 1185 584 ’

220 647 340 722 Ducit,
359 657 394 710 et
416 645 524 708 hostili
546 647 646 707 celsas
670 665 768 726 super
790 663 908 725 aggere
929 644 1018 709 sistit.

220 735 353 796 Harum
376 751 503 794 summa
527 745 757 810 tenena-quos
782 731 837 792 vel
859 730 981 802 balista,
1005 732 1059 794 vel
1085 749 1179 794 arcus
1252 767 1256 775 =

130 815 134 824 '
220 811 333 881 Morte
354 817 468 900 procul
490 815 588 878 missa
608 814 684 876 facit
704 814 852 876 hostibus
875 833 948 879 esse
970 815 1149 890 timendos,
1251 825 1262 845 '

222 903 291 990 Qui
309 903 454 982 jaculum
478 899 587 962 valido
610 900 1030 981 longe'torqb'erelacerto
1093 897 1099 920 ¹
1146 969 1160 981 Α
1253 973 1259 981 Ι

220 987 369 1068 Longius
392 1005 527 1050 excussa
551 985 693 1047 didicere
716 987 868 1064 potenter
889 985 1030 1048 habena.
1247 992 1252 1002 “

220 1063 384 1139 Inferiitra
406 1059 465 1134 viri
488 1071 598 1144 fortes,
620 1071 668 1132 ¹ex'
687 1069 816 1150 agmine
841 1083 908 1130 toto
1048 1077 1052 1082 '

219 1157 343 1231 Eleon,
365 1157 574 1237 promptique
597 1175 698 1215 manu
720 1155 859 1217 tabulata
882 1167 1029 1218 utenturs
1076 1183 1097 1202 »-
1147 1191 1151 1198 ·

183 1261 187 1264 ⁷
221 1243 290 1330 Qui
312 1242 602 1308 dum'trans'lussas
623 1253 774 1320 porrecto
796 1255 898 1319 pon-te
920 1253 1069 1320 patentes
1153 1311 1156 1332 .

148 1319 151 1330 ’
218 1327 401 1391 Moenibus
424 1325 580 1398 assiliunt,
603 1341 635 1388 et
658 1343 768 1386 muros
790 1333 953 1404 rumpere¹
966 1338 1103 1402 tentant,
1177 1377 1180 1382 .

167 1463 172 1484 ,
222 1415 290 1502 Qui
311 1415 386 1490 loca
405 1429 533 1474 summa
555 1423 678 1484 tonent,
697 1409 812 1490 jaculis
834 1410 1031 1487 levibusque
1053 1407 1174 1494 sagittis

183 1571 186 1577 ¹
218 1500 382 1561 lnlestant
407 1497 548 1566 miseros,
565 1515 624 1574 per
645 1495 890 1576 propugnacula
911 1493 1019 1558 cives:

90 1625 91 1638 ,
174 1615 176 1620 ·
220 1583 278 1646 Ne'
297 1581 540 1663 confringendis
562 1579 656 1641 liceat
678 1599 865 1642 succurrere
887 1577 998 1642 muris.
1021 1629 1048 1643 -.

219 1665 318 1749 Tunc
340 1665 378 1729 et'
394 1668 554 1747 subjectas
574 1663 679 1732 ¹facilis
701 1665 878 1746 despectus¹
896 1664 931 1725 in
953 1684 1053 1744 arces,

220 1755 264 1816 Et
285 1752 369 1816 levis
399 1773 441 1814 ox
469 1753 532 1812 alto
561 1750 705 1830 trepidos
735 1765 869 1826 conatus
898 1747 933 1812 in
961 1750 1090 1815 hostesr

121 1835 126 1850 '
221 1837 289 1926 Qui
311 1837 338 1898 si
358 1839 442 1899 forte
465 1855 540 1898 suos
563 1855 690 1900 rursum
713 1847 907 1896 convertere
929 1837 1039 1898 vultus

218 1921 350 1988 lncauti
372 1937 507 1994 tentant,
529 1920 783 1984 vehementibus
807 1941 864 1982 ora
884 1919 1004 2000 'sagittis
1087 1955 1090 1962 ·

218 2008 397 2086 Figuntur‚
419 2025 481 2066 nec
503 2003 582 2066 scire
603 2006 697 2078 licet,
711 2025 831 2084 «neque
854 2025 988 2071 censere
1009 2006 1058 2068 fas
1081 2019 1131 2068 est
1184 2078 1190 2092 ι

1144 1959 1148 1966 Ι
1204 1917 1211 1946 l

51 2087 54 2101 '
150 2127 152 2130 ·
219 2091 380 2154 Vulneris
402 2105 559 2162 autorem,
581 2085 715 2152 latebris
732 2108 832 2168 quetn
855 2089 966 2170 lignea
986 2105 1092 2157 tutum

112 2219 129 2236 .
173 2241 175 2251 ,
220 2175 399 2246 Occulrant
415 2175 564 2246 tabulata,
588 2175 673 2236 cavis
696 2175 779 2254 pluit
801 2195 877 2236 aura
898 2171 1018 2256 sagittis

212 2262 385 2340 Desuper,
408 2275 441 2322 ct
463 2275 531 2320 toto
554 2257 736 2320 funduntur
756 2263 804 2320 ab
821 2260 954 2331 aethere
976 2239 1118 2342 morles,

218 2345 270 2408 At
292 2365 376 2424 quae
399 2346 441 2408 de
464 2344 563 2404 muris
585 2363 709 2406 nostras
732 2343 890 2406 fluitantia
913 2361 1017 2410 turres

217 2431 302 2494 Tela
324 2443 449 2512 petunt,
473 2431 601 2490 infirma
623 2432 746 2506 volant,
768 2429 939 2512 spatioque
961 2429 1083 2494 tenoris

213 2509 398 2596 Languida,
419 2513 476 2576 vix
498 2535 628 2578 summo
650 2517 797 2578 delibant·
813 2517 931 2576 robora
951 2517 1050 2580 ferro.

166 2643 192 2682 ,t
217 2600 251 2662 si
272 2597 582 2680 rapidas‘tormenta
603 2601 690 2698 faoep
713 2603 755 2662 ad
774 2600 988 2698 lignpalforte

218 2687 353 2748 Robora
374 2695 546 2758 torserunt,
570 2699 602 2746 et
624 2685 762 2755 turribus
784 2686 867 2767 ignis
890 2685 1044 2764 adhaesit,

45 2795 61 2842 ῃ
112 2825 114 2830 .
214 2773 374 2850 Desuper
396 2769 508 2832 efl'usls
531 2770 682 2834 incendia
703 2771 849 2850 protinus
873 2755 929 2832 itta'
1017 2802 1021 2814 ι
1078 2783 1086 2797 ”

212 2855 478 2936 -Restinguuntur
493 2855 600 2934 aquis,
623 2870 678 2916 aut
700 2856 778 2917 vino
802 2875 909 2934 sparsa
932 2855 1118 2936 quiescuntc

152 2979 156 2990 ι
201 2941 290 3004 'Aut
312 2939 339 3000 si
361 2939 510 3020 restringi
532 2933 709 3019 nequeant,
732 2956 764 3002 et
785 2941 912 3002 fervida
936 2943 1015 3003 vivo
1097 2971 1105 2996 τ

214 3025 502 3088 sulfure-flamma
524 3026 629 3105 viget,
656 3024 814 3088 fumantia
836 3029 983 3088 membra
1005 3027 1127 3090 securis

207 3111 394 3195 Amputat,
417 3124 449 3172 et
471 3103 671 3172 totisuccis'a
694 3125 783 3190 parte
805 3111 966 3190 medetur.
1027 3115 1049 3172 ¹,

109 3206 117 3237 l
213 3195 369 3272 Turbine¹
386 3196 547 3278 fulmineo
569 3213 704 3276 magnos
729 3209 888 3258 tormenta
910 3198 1048 3260 molares

215 3279 397 3343 Moenibus
419 3281 585 3362 inlliguni,
615 3272 790 3360 murosque
814 3295 847 3342 et
868 3295 951 3344 tecta
971 3283 1147 3364 flagellant.

115 3429 118 3439 ,
213 3363 570 3442 Ευηᾶειςυεεοηῐοτῑο
593 3369 830 3430 transuerberat
852 3384 925 3428 aera
947 3369 1095 3448 plumbo,
1174 3357 1189 3446 ,¹

142 3511 148 3520 .
213 3447 257 3510 Et
278 3448 394 3512 mediis
416 3451 559 3530 liquidae
582 3453 715 3532 glandes
738 3451 771 3512 in
794 3451 941 3518 nubibus
959 3455 1083 3518 sident.

125 3534 127 3542 ’
212 3531 279 3593 Ast
301 3533 352 3594 alii
374 3536 486 3609 fossat,
508 3535 630 3615 injectu
653 3535 790 3616 cespitis,
815 3537 964 3618 implent,

125 3671 127 3675 ,
212 3617 428 3698 Hostilesque
451 3635 567 3700 petunt
590 3623 690 3684 densa
712 3623 875 3694 testudine
898 3642 1020 3686 muros.
1078 3673 1082 3678 .

156 3743 157 3746 =
200 3701 400 3778 'suffodiunt
422 3707 474 3768 alii
498 3701 669 3780 tu1·res,¹’ac
689 3706 784 3768 fortia
806 3710 919 3770 subter

211 3787 443 3870 Fundamenta
464 3784 593 3864 cavant,
615 3807 669 3852 aut
690 3793 764 3853 duri
785 3793 910 3856 roboris
931 3792 998 3867 ic'tu
1033 3797 1035 3804 '

198 3871 396 3954 ¹Impellunt
417 3897 538 3962 muros,
560 3879 782 3956 labefactaque
806 3879 938 3944 moenia
961 3893 1125 3960 quassant,
1187 3916 1209 3935 ·.

212 3955 287 4025 Aut
308 3971 419 4022 emota
438 3961 513 4043 loco
535 3963 620 4025 muri
642 3983 799 4046 compage
823 3964 951 4040 soluts,
1004 4009 1024 4036 -,
1091 3997 1120 4010 ··
1182 3999 1190 4008 -
1234 3997 1240 4006 ·

243 4057 248 4070 '
325 4055 327 4060 ’
628 4059 631 4066 ’
887 4071 891 4076 ·
1169 4051 1253 4112 Saxa
