2682 4756
1198 2 1327 259 ‘i

1325 265 1327 322 i

186 311 778 456 ,164‘1'

195 536 217 596 '-
232 559 319 640 tjrdes
343 555 529 622 haberetur.
573 555 727 646 Quorum
755 568 842 640 papa·
866 555 1032 640 legatione
1061 557 1184 638 audita,
1212 562 1261 630 aits
1326 531 1327 616 i

136 663 141 674 ·
233 643 452 724 incongruum
475 641 573 710 valde
596 663 680 718 esse,
701 655 736 704 et
758 645 797 703 ab
822 642 1044 728 ecclesiasticis
1062 643 1188 726 legibus
1208 670 1261 710 orn·
1325 627 1327 694 i

234 729 316 798 nino
339 725 502 802 alienum,
523 744 561 790 ut
583 725 771 791 absentibus
795 727 1051 804 accusatoribuS,
1067 748 1175 810 causa·
1189 753 1262 798 accu-

182 817 187 826 '
234 814 294 878 sati
315 809 544 885 ventilarenm
580 811 663 896 quin
691 811 775 885 iuro,
798 811 1013 877 innocentiae
1035 835 1116 878 suae
1139 817 1264 883 'confide-

233 916 293 974 ret,
315 895 408 960 omni
429 896 553 960 timoris
576 896 729 980 scrupulo
750 895 916 972 liberatus,
932 913 1057 962 statuto
1079 899 1134 964 die
1156 899 1190 962 in
1205 903 1262 966 Au·
1325 939 1327 996 4

172 987 174 999 '
234 984 378 1068 gustam,
425 1002 491 1062 quo
522 982 642 1046 caeteri
674 979 836 1064 principes
869 982 1051 1048 convenire
1084 983 1262 1063 statuissent,

233 1067 426 1142 fiducialiter
459 1071 662 1141 occurrerem
697 1085 733 1129 se
762 1066 846 1142 ilttc,
881 1067 1033 1130 discussis
1065 1085 1292 1152 utrarumque

103 1224 105 1233 ,
209 1167 211 1170 ’
232 1155 375 1238 partium
396 1151 657 1234 allegationibus,
677 1171 742 1214 nec
763 1151 842 1214 odio
864 1173 928 1218 nec
949 1153 1061 1234 gratia,
1084 1157 1125 1216 ab
1142 1157 1215 1236 jure
1232 1161 1263 1220 ad

229 1239 386 1322 injuriam
408 1237 677 1310 devblvendum,
710 1235 769 1298 sed
792 1236 887 1317 juxta
914 1240 1006 1321 leges
1036 1241 1262 1317 ecclesiasticas,

233 1345 336 1408 quam
354 1322 565 1388 rectissimam
589 1319 707 1403 possit,
743 1322 785 1384 de
815 1322 950 1404 singulis
979 1326 1179 1392 sententiam
1198 1328 1257 1390 latu
1325 1345 1326 1348 ’

231 1433 307 1474 rum
323 1427 418 1475 ¹esse.
479 1407 543 1472 Ad
571 1405 654 1470 haec
681 1405 729 1467 illi
756 1409 1016 1488 responderunt,
1041 1405 1162 1492 ,regem
1191 1410 1263 1485 iliius
1324 1460 1325 1470 ,

166 1529 170 1553 t
231 1516 396 1576 nusquam
425 1506 583 1555 terrarum
612 1491 837 1580 subterfugere
855 1491 1040 1572 iudicium,
1076 1515 1180 1582 quem
1199 1499 1264 1560 sciat

233 1569 402 1660 aequitaiis
424 1575 686 1656 etinnocentiae
715 1575 1220 1658 incorruptissimumvindicem
1239 1598 1265 1646 et
1323 1629 1324 1660 ;

96 1715 99 1724 ,
192 1725 195 1734 ,
231 1667 431 1728 advocatum
452 1662 542 1736 fore,
576 1659 636 1724 sed
664 1681 684 1724 e
713 1659 824 1722 vicino
843 1661 913 1752 jam
935 1683 1052 1746 urgere
1075 1659 1169 1728 diem
1189 1660 1264 1730 annii
1320 1665 1324 1743 ᾗ

232 1750 431 1823 versarium,
461 1767 531 1828 quo
558 1746 863 1810 excommunicatus
890 1746 1022 1824 fuisset,
1055 1765 1090 1815 et
1111 1749 1272 1834 principes
1320 1759 1324 1845 j

229 1833 324 1918 regui
345 1835 407 1896 hac
427 1831 656 1913 expectatione
678 1850 855 1918 suspensos
878 1847 1085 1918 attentosque
1108 1839 1205 1902 anxie
1224 1838 1263 1901 rei

166 1913 170 1921 ’
232 1931 392 1988 eventum
415 1915 619 1998 praestolari,
642 1930 696 1990 ut,
718 1917 748 1978 si
770 1932 845 1980 ante
868 1917 953 1980 hanc
976 1920 1064 1984 diem
1087 1941 1265 1988 excommu-

231 2005 397 2075 nicatione
419 2023 489 2063 non
511 2001 714 2076 absolvatur,
732 2061 736 2075 ,
753 2002 911 2084 deinceps
938 2004 1031 2086 juxta
1053 1997 1210 2087 palatinas
1229 2011 1264 2072 le·

232 2099 290 2172 ges
310 2087 465 2170 indignus
486 2084 730 2168 regiuhonore
750 2085 924 2176 habeatur,
945 2095 1009 2152 rtec
1030 2095 1131 2171 ultra,
1148 2113 1207 2174 pro
1228 2113 1264 2156 as

231 2175 374 2238 serenda
392 2170 581 2235 innocentia
601 2189 678 2245 sua,
701 2169 901 2236 audientiam
924 2175 1104 2242 mereatur:
1134 2179 1265 2260 proinde

231 2259 384 2324 obnixius
405 2271 535 2340 petere,
560 2269 597 2318 et
617 2239 682 2316 iioc
704 2257 812 2332 omni,
839 2277 908 2338 quo
930 2280 1015 2342 papa
1033 2261 1167 2341 jubeat,
1189 2263 1264 2326 satis·

228 2342 377 2413 factionis
393 2363 521 2424 ‚genere
543 2353 690 2422 paratum
715 2341 871 2416 emereri,
893 2358 931 2407 ut
952 2346 1179 2414 solointerim
1200 2369 1265 2412 ana-

225 2427 373 2494 themate
397 2427 600 2499 absolvatur,
630 2440 663 2488 et
685 2427 929 2492 communionis
951 2431 1190 2501 ecclesiasticae
1206 2456 1264 2517 gra-
1317 2441 1322 2511 t

227 2514 305 2576 tiam
327 2511 476 2594 recipiat,
507 2530 723 2592 responsurus
745 2533 789 2575 ex
810 2512 948 2596 integro,
976 2534 1179 2598 quacunque
1198 2519 1265 2592 uie,

123 2597 142 2642 ¹-
226 2619 430 2678 quocunque
457 2597 532 2658 ioco
560 2615 644 2676 papa
673 2597 863 2679 praecipiat,
903 2613 1059 2695 tapquam
1092 2604 1178 2668 nihil
1208 2605 1263 2667 hac

227 2683 451 2748 conventione
475 2697 582 2743 actum
602 2680 653 2756 sit,
676 2682 839 2758 omnibus,
862 2703 947 2765 quae
971 2702 1178 2755 accusatores
1199 2690 1264 2772 ejus

200 2825 203 2834 .
228 2768 435 2848 objecissent,
456 2765 655 2841 criminibus,
669 2765 1009 2848 etjuxtasententiam
1023 2772 1106 2853 ejus,
1128 2795 1263 2857 regnum
1321 2813 1322 2817 =

225 2855 284 2918 vel
305 2867 507 2926 retenturus,
530 2850 556 2914 si
578 2851 706 2932 objecta
727 2869 911 2936 purgasset,
932 2855 989 2920 vel
1013 2877 1121 2938 aequo
1147 2858 1262 2936 animo,

224 2937 252 3002 si
275 2958 371 3014 causa
392 2935 572 3010 cecidisset,
593 2937 782 3000 amissurus.
832 2940 902 3002 Diu
916 2953 1008 3022 ‘papa
1027 2943 1162 3022 restitit,
1189 2947 1263 3010 veri·

207 3039 276 3086 'tus
298 3023 333 3088 in
354 3044 432 3106 rege
451 3008 608 3114 juvenilis
632 3022 730 3088 animi
752 3023 1020 3101 inconstantiam,
1052 3043 1086 3092 et
1106 3031 1262 3112 proclive,
1322 3031 1323 3038 '

173 3111 175 3118 ‘
225 3123 427 3192 quocunque
450 3120 663 3170 assentatores
685 3106 901 3188 impuHssent,
922 3109 1112 3192 ingenium:
1138 3117 1200 3180 sed
1220 3139 1260 3180 su·
1323 3119 1326 3160 ³

96 3188 117 3239 '-
209 3207 355 3278 'perotus
384 3195 516 3256 tandem
545 3189 788 3272 importunitate
816 3196 1080 3278 perurgentium,
1109 3215 1146 3264 et
1167 3201 1258 3284 gravi·
1306 3241 1309 3253 ·

224 3295 290 3344 tate
312 3275 556 3344 sententiarum.
600 3275 633 3338 Si
654 3277 967 3360 refecerimus,
990 3301 1068 3346 eum
1091 3284 1169 3348 facti
1192 3307 1261 3370 poe·
1324 3299 1325 3380 t

222 3364 320 3440 nitet,
354 3381 510 3426 coronam
531 3375 564 3425 et
585 3374 712 3425 caetera
733 3361 828 3444 regni
848 3363 1004 3445 insignia,
1036 3365 1072 3428 in
1095 3389 1262 3452 argumen·

221 3465 291 3511 tum
313 3469 414 3514 verae
436 3465 469 3512 et
490 3469 536 3523 eu¹
554 3445 665 3508 animo
688 3462 778 3512 actae
799 3447 1033 3530 poenitudinis,
1053 3465 1190 3521 nostme
1211 3479 1263 3540 po·
1324 3449 1325 3498 ³

219 3534 326 3610 testati
347 3535 461 3608 dedat,
483 3548 516 3596 et
538 3551 591 3606 se,
613 3548 688 3613 post
709 3541 775 3594 tarn
797 3547 975 3600 contumax
996 3536 1199 3617 admissum,
1219 3565 1260 3605 re·

170 3641 174 3646 ·
217 3619 274 3704 gio
295 3617 433 3682 nomine
458 3633 492 3682 et
519 3615 648 3680 hortere
674 3617 830 3700 deinceps
858 3618 1032 3704 indignum
1059 3623 1261 3704 profiteatur.

216 3707 351 3789 Durum
379 3703 483 3788 nimis·
502 3701 568 3766 hoc
595 3700 704 3766 visum
733 3718 783 3766 est
808 3704 933 3788 legatis.
974 3705 1132 3790 ,Cumque
1163 3714 1260 3777 vehe-

215 3787 348 3856 menter
360 3785 571 3862 -insistererit,
583 3801 621 3850 ut
642 3787 837 3870 sententiam
858 3797 1072 3874 temperaret,
1093 3815 1162 3860 nec
1175 3800 1260 3860 cala:
1294 3831 1297 3835 ·

178 3883 183 3906 ¹
214 3885 582 3954 mum-conquassatum
602 3871 716 3954 judicii
744 3873 929 3941 austeritate
957 3876 1088 3959 penitus
1110 3875 1260 3949 contere·

135 3997 138 4020 t
213 3976 277 4024 ret:
300 3959 358 4024 vix
380 3974 413 4024 et
434 3971 531 4042 aegre
555 3959 862 4044 rememoratus
884 3962 1027 4038 anuuit,
1049 3978 1091 4027 ut
1104 3967 1259 4032 cominus

936 4083 938 4089 ¹
1045 4079 1046 4082 ¹
1163 4073 1257 4118 venr-
