2664 4754
794 331 797 338 '
856 343 875 376 t

229 413 304 490 ios

230 581 342 654 nensis
364 587 512 660 abbates,
539 591 599 648 rex
617 581 800 659 Bodmlae,
824 581 892 644 dux
912 580 1083 674 zaringiae
1112 599 1146 647 et
1167 597 1283 650 rector

141 703 145 714 ¹
230 674 462 758 Burgundiae,
499 673 567 735 dux
595 669 770 743 saxoniae,
807 669 874 730 dua
902 670 1057 748 Austriae
1087 689 1120 733 st
1147 671 1282 748 Stiriate,

230 762 300 822 dux
321 758 509 832 Merauiae,
540 755 718 836 Turingiae
740 751 966 836 landgravius,
992 755 1143 818 ¹marchio
1166 759 1284 820 Mora-

228 839 308 908 'vlas
331 843 503 918 orientalis,
526 840 715 930 Miscenda,
737 839 1038 921 Braudeburgensis
1053 841 1282 918 marchiones,

231 929 274 994 ds
288 929 482 1002 orlamund,
505 927 546 989 de
568 924 891 998 Summersenberch,
912 925 1116 999 de'Brenen,
1135 927 1179 988 de
1192 927 1282 988 Wit-

230 1015 278 1078 tin
299 1014 448 1087 comites,
469 1011 608 1074 salutem
630 1023 663 1086 et
680 1009 823 1071 debitam
841 1009 875 1070 in
893 1007 1021 1072 Christo
1039 1011 1279 1075 reverentiam.

158 1089 164 1106 ⁸
230 1097 399 1172 Extiutam
425 1108 493 1160 non
523 1099 613 1158 valet
637 1093 736 1164 ratio,
772 1113 834 1156 nec
865 1093 953 1156 rudis
986 1095 1176 1175 simplicitas
1211 1095 1278 1158 hoc

231 1199 341 1266 potest
363 1183 507 1255 credere,
537 1195 574 1246 ut
595 1181 674 1244 inde
699 1179 779 1260 juris
808 1179 973 1264 quusque
990 1193 1096 1260 surgat
1120 1178 1278 1255 tuibatio,

230 1269 290 1332 ubi
307 1261 388 1352 jutis
408 1267 552 1330 soliditas
573 1261 750 1348 permansit
772 1265 928 1343 hactenus
949 1263 1155 1326 inconvulsa.
1190 1265 1276 1354 Quis

211 1367 300 1424 ,sam
320 1347 394 1414 duri
416 1351 512 1415 etiam
535 1365 668 1431 tamque
690 1349 836 1431 peruersi
857 1367 972 1412 sensus
994 1347 1147 1423 extimet,
1170 1365 1208 1412 ut
1231 1351 1278 1411 in-

229 1439 276 1500 de
297 1437 652 1519 emittet‘superstitio,
688 1435 744 1495 ubi
772 1434 940 1512 quiescere
969 1435 1069 1497 debet
1096 1436 1277 1513 sanctitas?

231 1519 360 1588 Divina
380 1520 471 1585 enim
495 1519 709 1592 ordinatione,
730 1525 800 1580 lton
816 1519 969 1584 ¹humano
987 1519 1218 1600 judicio,·pie
1242 1533 1276 1584 et

167 1679 171 1694 ,
231 1607 402 1671 salubriter
422 1605 678 1690 estptovisum,
699 1617 736 1665 ut
758 1603 792 1664 ln
813 1605 895 1668 urbe
916 1607 1085 1690 Romana,
1107 1605 1169 1670 ubi
1193 1604 1274 1668 olim

145 1709 167 1740 ¹-
231 1705 419 1774 susceptu
438 1689 690 1772 superstitionis,
717 1688 782 1748 illic
803 1689 986 1768 quiesceret
1007 1701 1104 1772 caput
1125 1691 1273 1754 sanctita-

230 1776 289 1850 tise
322 1790 357 1840 et
378 1776 564 1858 suppliciter
585 1771 739 1836 otnnsstus
759 1788 808 1836 est
830 1775 1006 1849 orandum,
1038 1789 1075 1838 ut
1103 1777 1145 1838 atl
1170 1793 1272 1842 extre·

230 1857 384 1924 mitatem'
399 1876 469 1922 non
490 1859 673 1922 retrahetur
693 1858 904 1940 principium,
937 1879 980 1921 ne
1004 1879 1123 1942 omega
1143 1862 1271 1946 dicatur

229 1948 397 2009 revolasse
427 1947 467 2005 ad
497 1945 604 2026 alpha.
645 1946 726 2006 Nott
750 1961 827 2024 ergo
850 1947 1070 2010 sacrosanctae
1092 1945 1270 2012 Romanae
1300 1965 1309 1976 ¹

227 2031 317 2092 sedis
338 2029 497 2103 sanctitas,
519 2043 552 2094 et
568 2043 684 2116 cuncta
701 2027 755 2112 pie
773 2030 892 2098 locens
910 2027 1093 2110 paternitas,
1117 2029 1184 2091 hoc
1204 2051 1271 2093 sen·

230 2113 290 2178 tir'e
311 2107 506 2178 ullomodo
527 2125 589 2180 nus
611 2113 782 2195 permittit,
815 2133 853 2176 ea
881 2113 966 2194 quae
992 2111 1057 2194 juri
1081 2113 1216 2178 dissona
1240 2129 1270 2180 et

223 2195 394 2262 ‘honestati
408 2199 576 2276 contraria,
594 2198 762 2262 adomino
773 2196 996 2272 Praenestino,
1009 2209 1139 2262 vestrae
1158 2202 1269 2264 sancti·

229 2285 313 2360 tatis,
334 2277 371 2346 ui
392 2283 463 2367 ipsa
485 2283 610 2360 asserit,
631 2284 751 2366 legato,
772 2281 806 2343 itt
829 2285 1056 2344 Romanorum
1078 2285 1166 2366 regis
1191 2289 1270 2350 elec·
1322 2349 1323 2367 ,

229 2367 320 2434 done
341 2381 418 2432 sunt
438 2371 629 2433 indecenter
649 2369 786 2430 nimium
809 2383 999 2448 perpetrata,
1023 2383 1060 2430 ut
1079 2371 1124 2432 de
1138 2391 1268 2438 vestrae
1321 2399 1322 2425 t

226 2456 331 2518 misas
358 2455 552 2536 prudentiae
578 2455 757 2537 prodierint
782 2453 997 2528 conscientia,
1024 2475 1087 2518 nec
1113 2457 1269 2520 sanctissi·
1319 2467 1321 2541 j

227 2557 318 2602 mam
350 2542 451 2602 sancti
483 2549 596 2605 co'etus
624 2539 833 2602 cardinalium
861 2538 1025 2601 credimus
1052 2541 1118 2602 huc
1147 2563 1268 2606 conve·
1318 2583 1319 2597 ,

213 2623 387 2712 'pientiam
410 2629 593 2692 accessisse.
621 2623 720 2714 ,Quis
749 2625 839 2686 enirn
866 2624 943 2684 huic
969 2625 1108 2688 similem
1140 2628 1266 2692 audivit
1316 2637 1318 2713 ,¹

230 2706 421 2776 audaciam?
455 2711 538 2800 Quis
560 2723 658 2775 vetus
680 2709 836 2772 accedere
860 2721 969 2790 potest
989 2710 1077 2772 testis
1097 2713 1173 2776 sore
1198 2714 1267 2775 hac·
1315 2743 1316 2772 t

228 2791 326 2858 tenus
347 2795 394 2858 sic
414 2809 678 2878 praesumptum,
707 2813 782 2856 curn
811 2811 874 2856 nec
902 2791 968 2854 hoc
989 2807 1125 2857 testetur
1145 2798 1266 2876 fabula,
1314 2779 1315 2830 l

227 2893 292 2942 stes
313 2881 452 2943 affirmet
473 2899 524 2943 res
546 2895 652 2962 gesta,
677 2894 742 2940 nec
762 2878 942 2960 cujusdam·
954 2877 1018 2940 hoc
1040 2879 1163 2944 cbdicis
1187 2903 1264 2946 asse·

230 2976 324 3028 vetet
345 2965 468 3029 series?
501 2965 643 3028 Ubinam
664 2963 794 3045 legistis,
817 2985 838 3032 o
860 2963 980 3026 summi
1002 2961 1190 3044 pontifices,
1212 2967 1263 3030 ubi

227 3049 359 3129 audistis
380 3051 479 3112 sancti
503 3067 623 3130 patres,
655 3050 752 3111 totius
774 3048 930 3130 ecclesiae
952 3049 1151 3125 cardinales:
1182 3068 1263 3116 ante-

226 3146 372 3200 cessores
393 3149 519 3200 vestros
542 3136 597 3198 vel
617 3137 733 3197 e'omm
752 3135 877 3207 missos,
899 3132 1130 3196 Romanorum
1148 3159 1261 3220 regum

226 3229 263 3280 se
285 3219 500 3284 electionibus
521 3218 750 3292 immiscuisse,
785 3219 829 3280 sic
851 3233 887 3280 ut
908 3215 964 3280 uel
989 3220 1175 3284 electorum
1198 3245 1260 3305 per·

226 3315 529 3388 sonamgeterent,
561 3305 617 3367 vel
637 3317 673 3366 ut
694 3301 880 3385 cognitores
901 3303 1071 3366 electionis
1092 3307 1183 3370 vires
1205 3327 1259 3370 tru-

226 3388 389 3452 sinerent?
423 3387 663 3472 Respondendi
690 3388 873 3450 instantiam
901 3407 970 3450 vus
992 3389 1162 3453 bredimus
1195 3415 1259 3455 nou
1296 3399 1297 3402 ’

224 3466 358 3542 baberet
402 3474 445 3537 In
477 3473 704 3537 Romanorum
737 3477 828 3536 enim
860 3473 1022 3538 electione
1039 3475 1257 3560 pontificum,

224 3553 289 3623 hoc
315 3573 386 3624 erat
413 3560 571 3641 imperiali
592 3559 768 3644 diademati
790 3575 1008 3634 reservatum,
1040 3578 1077 3622 ut
1099 3583 1177 3624 eam
1200 3567 1257 3626 Ro·

224 3657 396 3704 manorum
428 3644 658 3725 imperatorum
694 3644 880 3707 auctoritate
912 3662 981 3707 nott
1014 3651 1255 3712 accommodata

162 3725 167 3756 ¹
223 3725 385 3789 ullatenus
406 3727 476 3790 fleri
497 3748 567 3790 non
588 3730 710 3792 liceret.
756 3729 941 3808 Imperialis
959 3729 1046 3794 'vero
1069 3731 1254 3796 munificen-

192 3808 273 3884 ¹titt,
294 3829 379 3890 quae
401 3815 524 3874 cultum
545 3815 612 3876 Dei
633 3833 764 3895 semper
785 3815 940 3893 ampliare
961 3813 1102 3893 studuit,
1134 3833 1168 3881 et
1189 3821 1251 3899 ejus
1286 3853 1287 3858 κ

221 3895 391 3958 ecclesiam
424 3901 672 3980 privilegiorum
703 3895 900 3980 specialitate
934 3901 1091 3966 decorare
1124 3905 1250 3980 curavit,
1283 3904 1287 3920 “

128 4049 131 4062 ⁶
215 3977 310 4043 :hunc
329 3981 463 4046 honoris
485 3983 615 4046 titulum
637 3983 704 4048 Dei
725 3981 882 4048 ecclesiae
903 4001 1098 4052 reverenter
1110 3989 1248 4062 ·remisit;

235 4070 368 4122 .s.‚,¹
684 4095 702 4110 ·’
964 4123 967 4131 i
1081 4090 1085 4098 “
1164 4076 1246 4154 quod
