2664 4754
190 337 316 446 stoi
405 383 430 422 ·=
515 331 524 349 .

146 591 148 598 ,
172 595 178 608 .
237 538 363 618 Urbis,
360 539 432 607 fuit
452 543 504 608 vit
525 539 717 642 perspicacis
738 537 863 622 ingenii
883 551 919 606 et
938 539 1059 606 tenacis
1075 535 1279 642 memoriae,

236 627 270 692 in
305 627 423 692 divinis
444 645 478 694 et
507 627 658 690 humanis
687 625 798 690 litteris
831 626 991 726 eruditps,
1022 648 1179 694 sermone
1215 648 1281 694 tam

236 713 363 796 vulgari
386 731 484 793 quam
507 711 634 778 litterali
650 705 820 786 disertus,
843 711 1034 778 exercitatus
1056 714 1089 776 in
1113 716 1281 780 cantilena

238 817 272 864 et
300 797 498 880 psalmodia,
531 813 651 860 statura
680 793 869 870 mediocris,
894 807 936 860 et
963 797 1101 862 decorus
1131 815 1279 882 aspectu,

159 937 169 946 .
236 883 393 946 medius
384 899 468 946 tnter
484 880 742 966 prodigalitatem
759 879 979 956 etavatitiam,
1000 885 1089 946 sed
1080 905 1115 946 ιιι
1132 887 1282 979 eleemo

235 969 324 1068 synis
339 984 372 1032 et
384 967 576 1031 victualibus
596 967 696 1048 magis
715 967 832 1047 largus,
858 965 938 1032 etin
953 967 1020 1029 aliis
1034 969 1134 1051 magis
1148 970 1278 1063 parcus,

135 1118 138 1128 ,
233 1054 297 1116 nisi
320 1073 394 1114 cum
418 1051 614 1116 necessitatis
637 1049 788 1113 articulus
810 1049 982 1134 exigebam
1004 1073 1138 1120 severus
1164 1051 1279 1119 conira

192 1139 193 1144 ’
234 1139 374 1202 rebelles
397 1153 430 1200 et
451 1127 678 1208 contumices,
716 1137 775 1200 sed
795 1137 956 1218 benignus
979 1157 1055 1220 erga
1074 1139 1225 1207 humiles
1249 1157 1279 1206 et

41 1209 44 1218 ¹
126 1229 143 1242 ‘
219 1225 392 1298 'devotum
414 1221 504 1284 fortis
528 1238 560 1286 et
581 1217 711 1296 stabilis,
734 1221 960 1302 magnanimus
984 1239 1017 1290 et
1039 1240 1188 1299 astutus,
1199 1227 1278 1290 fidei

235 1307 391 1393 defensor
419 1323 454 1372 et
479 1307 621 1370 haeresis
650 1322 870 1406 expugnatori
911 1303 945 1370 in
981 1308 1102 1390 justitia
1138 1311 1277 1394 rigidus,

233 1393 330 1478 sed
321 1413 357 1456 ιιι
386 1391 606 1458 misericordia
632 1391 725 1493 pius;
760 1389 924 1454 humilis'
915 1411 950 1452 tn
970 1395 1142 1476 prosperis,
1169 1409 1206 1458 et
1229 1420 1276 1478 pa

234 1479 317 1544 tiens
360 1479 394 1542 in
429 1477 591 1552 adversis}
632 1484 774 1540 naturae
810 1489 920 1540 tamen
943 1477 1194 1578 allquantplum
1235 1483 1277 1544 in

223 1563 413 1650 dignantis,
445 1565 503 1628 sed
532 1561 656 1626 facile'
647 1561 854 1644 ignoscentis.
893 1593 934 1608 ·-
969 1563 1037 1626 Hic
1064 1565 1214 1646 primum
1242 1569 1275 1629 in

121 1658 129 1708 .'
230 1641 335 1736 L‘rbe,
353 1651 477 1718 deiude
490 1645 643 1724 Parisios,
656 1647 790 1711 tandem
802 1645 974 1710 Bononiae
993 1647 1195 1712 scholasticis
1215 1668 1274 1718 stu

120 1755 123 1762 ’
234 1725 300 1798 diis
315 1735 491 1809 insudavit,
521 1751 555 1798 et
576 1739 675 1814 super
702 1725 897 1796 coaetaneos
925 1751 1002 1794 suos
1024 1748 1088 1795 tam
1110 1735 1146 1796 in
1169 1729 1272 1818 pbilo

105 1798 115 1815 ’
221 1817 366 1905 sophica
394 1841 493 1902 quarn
521 1819 556 1896 ln
584 1813 767 1920 theologica
794 1809 962 1913 disciplina
980 1815 1143 1908 ·ριιοιιι.ιιι;
1189 1825 1273 1894 sicut

232 1909 304 2004 ejus
333 1907 492 2004 opuscula
518 1891 742 1976 manifestant,
756 1921 884 2001 quae¹
881 1902 1031 1966 ¹diversis
1064 1891 1271 1988 temporibus

230 1989 332 2061 edidit
352 2005 386 2056 et
408 1985 549 2052 dictavit.
598 1987 691 2050 Fecit
712 1985 800 2050 enim
823 2001 898 2052 ante
920 1987 1146 2072 pontificatum
1169 1993 1270 2060 libros

200 2079 274 2139 'de
297 2071 424 2140 miseria
446 2071 641 2134 conditionis
663 2071 843 2149 humanae,
868 2085 909 2137 et
929 2074 971 2136 de
1002 2075 1185 2156 missarpua
1208 2099 1272 2163 pay

229 2143 341 2236 steriis,
363 2173 396 2223 et
418 2159 460 2243 de
483 2157 711 2240 quadripartita
732 2155 841 2238 specie
863 2160 1060 2240 nuptiarum.
1080 2162 1174 2226 Post
1185 2184 1269 2264 ‘pon-

228 2243 383 2312 tificatum
400 2259 520 2319 autem,
542 2241 640 2306 libros
658 2258 857 2317 sermonum,
881 2243 1099 2329 epistolarum,
1120 2247 1271 2332 registro-

227 2353 300 2396 rum
323 2347 356 2396 et
374 2329 597 2403 decretalium,
617 2347 701 2408 quae
720 2329 889 2394 manifeste
908 2329 1082 2412 declarant,
1103 2346 1269 2416 quantum

226 2417 326 2485 inerit
347 2431 412 2480 tam
435 2413 636 2476 inhumano
650 2433 757 2510 quam
779 2411 814 2477 iu
836 2413 982 2478 diuino
969 2430 1044 2495 Jure
1065 2417 1268 2500 peritus.-

224 2501 332 2570 Hunc
364 2517 492 2564 sanctae
522 2497 699 2562 memoriae
730 2498 907 2580 Gregorius
938 2514 1074 2569 octavus
1103 2523 1207 2586 papa,
1235 2505 1266 2566 in

226 2589 465 2651 subdiaconum
494 2583 673 2656 ordinavit,
701 2599 734 2650 et
755 2583 910 2648 Clemens
932 2587 1005 2652 111.
1027 2604 1111 2668 papa
1133 2601 1264 2688 promo.

118 2724 129 2738 .
225 2673 274 2737 vit
294 2673 330 2736 in
350 2673 525 2758 diaconum
552 2667 757 2743 cardinalem,
779 2667 977 2752 vigesimum
998 2679 1127 2735 nonum
1150 2676 1263 2755 aetatis

100 2817 109 2830 ,
225 2779 351 2858 apuum
368 2771 539 2838 agentem,
563 2755 726 2851 assignans
748 2753 781 2820 ei
802 2755 974 2818 ecclesiam
994 2770 1186 2822 sanctorum
1199 2759 1263 2823 Ser

135 2883 140 2892 ·
183 2877 187 2884 .
247 2865 268 2906 ιι
297 2859 330 2908 et
357 2842 494 2914 Bacchi,
529 2839 657 2922 cujus'
649 2859 720 2920 ipse
739 2839 871 2906 fuerat·
885 2831 1042 2904 diaconus
1075 2843 1261 2910 cardinalis.

143 2969 146 2978 f
185 2957 205 2982 s
223 2864 418 2994 §toficiebat
439 2941 563 3009 autem,
587 2921 669 2988 sicut
691 2939 811 3006 aetate,
840 2923 886 2988 sic
908 2924 1004 2998 etlam
1022 2927 1192 3007 probitate
1214 2952 1260 2996 co·

220 3033 292 3081 tam
312 3013 391 3078 Deo
413 3027 447 3076 et
469 3011 559 3074 omui
582 3009 746 3096 populo,
737 3023 780 3074 tta
802 3023 840 3072 ut
860 3027 976 3072 omnes
997 3007 1071 3090 de
1062 3011 1167 3092 ipsius
1191 3019 1259 3076 sub

22 3071 25 3078 Ι
121 3092 124 3096 ’
221 3097 390 3178 limatione
420 3107 668 3182 praesumerent
696 3107 730 3160 et
752 3109 933 3176 sperarent.
963 3131 1007 3144 ·-
1048 3097 1145 3159 Infra
1172 3100 1257 3163 bien

219 3185 323 3258 nium,
345 3199 517 3264 postquam
536 3193 704 3263 promotus
721 3177 834 3242 fuitin
850 3173 1055 3258 cardinalem,
1078 3185 1255 3262 praefatam

219 3281 405 3345 sanctorum
428 3265 529 3350 Sergii
551 3281 584 3330 et
606 3263 726 3353 Baccbi
748 3265 936 3355 ecclesiam,
957 3285 1060 3346 quae
1057 3267 1169 3331 uimls
1194 3287 1257 3337 erat

217 3333 374 3420 deformis
396 3367 431 3419 et
450 3353 598 3422 ruinosa
622 3365 673 3420 ut
681 3345 782 3432 magis
804 3365 915 3430 crypta
938 3369 1037 3429 quam
1056 3353 1194 3452 basilica
1215 3357 1255 3420 vt

217 3435 360 3512 deretur,
381 3437 447 3506 suis
469 3421 650 3523 sumptibus
672 3433 872 3520 restauravit,
894 3435 1034 3516 parietes
1057 3439 1203 3520 erigens,
1226 3457 1255 3506 et

216 3541 380 3586 renovans
408 3534 547 3596 tectum,
558 3541 675 3606 super
700 3537 807 3583 novos
836 3519 954 3602 gradus
982 3537 1178 3587 construens
1203 3549 1254 3590 no·

214 3623 297 3668 vum
319 3605 433 3684 altare,
462 3626 617 3688 novaque
646 3603 821 3686 pectoralia
847 3605 972 3670 faciens
1001 3621 1076 3670 ante
1099 3610 1250 3674 chorum.

212 3689 326 3754 Statim
346 3705 457 3758 autem
478 3703 654 3772 postquam
675 3689 738 3752 luit
765 3691 807 3752 ad
836 3692 1034 3771 apostolams
1057 3692 1190 3773 apicem
1212 3717 1252 3784 as

163 3783 165 3790 '
205 3755 373 3858 ¹sumptus,
392 3775 488 3860 jussit
508 3777 578 3838 lieri
601 3789 675 3838 ante
697 3771 801 3858 ipsam
824 3776 994 3842 ecclesiam
1015 3778 1183 3858 porticum
1206 3780 1251 3852 co-

162 3894 169 3905 «
211 3859 408 3934 lumnatam,
442 3861 485 3924 de
513 3861 625 3935 bonis,
663 3879 749 3940 quaa
778 3859 812 3920 ιιι
841 3861 1040 3944 cardinalatu
1067 3867 1250 3948 contulerat

153 4036 157 4052 ᾗ
211 3938 272 4010 sibi
278 3943 402 4028 uem,
422 3935 543 4026 multis
552 3943 754 4034 mirantibus,
774 3943 897 4014 uude
887 3965 923 4012 tn
943 3931 1092 4014 novitate
1109 3965 1172 4016 sua
1190 3951 1249 4018 tad-

1102 4062 1104 4066 ·
1172 4048 1246 4098 ιιι
