2664 4754
121 359 369 495 ¹'us

130 637 134 652 .
218 605 329 658 trttrsa.¹
369 585 514 654 Tantum
534 583 647 653 babuit
667 597 862 670 potestatem
875 587 1144 670 ''super‘timruQ
1175 589 1310 670 quod?

219 678 256 744 in
278 675 371 740 omni
392 675 540 748 civitate,
569 674 692 736 statutis
714 673 856 755 ipsarum
879 672 1130 755 acceptis,·suo
1159 693 1289 738 ernen-

219 761 313 826 davit
340 761 487 836 arbitrio,
515 759 670 822 addendo
698 773 731 822 et
757 757 974 822 detrahendo.
1025 757 1196 842 Captivos
1233 781 1287 820 au·

222 863 308 923 tsrn,
336 845 538 928 ubicumque
558 845 704 918 fuerant,
733 841 849 904 dimitti
871 843 957 908 lecit.
1001 847 1045 906 Et
1066 844 1188 907 statuit
1214 865 1287 908 cer-

145 985 151 998 „
218 947 290 996 tum
318 931 494 998 terminum
521 949 581 1011 pro
612 947 693 1012 pace
719 927 869 990 facienda
897 943 931 991 et
958 929 1134 1004 firmanda,
1182 929 1284 1010 apud

218 1015 386 1080 civitatem
415 1016 569 1092 Verona,
604 1011 838 1094 praecipiendo
865 1015 1036 1095 praedictis
1064 1013 1283 1088 civitatibus,

220 1119 256 1166 et
275 1100 440 1183 personis,
467 1099 558 1180 quod
580 1111 691 1162 essent
712 1113 790 1160 tunc
812 1097 857 1160 ibi
879 1119 988 1160 coram
1018 1123 1060 1166 eo
1089 1115 1167 1184 pro·
1182 1119 1283 1182 prae·
1310 1160 1311 1168 ,

217 1185 384 1250 dicatione
411 1185 589 1256 audienda,
623 1197 657 1246 et
684 1183 819 1246 laudum
850 1183 939 1264 pacis
960 1185 1045 1252 inter
1066 1205 1209 1250 omnes.
1237 1221 1281 1234 -

218 1271 299 1336 ‚Fun
318 1271 364 1334 ibi
386 1269 504 1341 Brixia,
525 1269 673 1342 Mantua,
694 1268 844 1343 Verona,
867 1269 1032 1344 Vicenria,
1059 1269 1279 1344 Tarvisium,
1310 1301 1311 1304 ¹

217 1355 366 1422 Feltrini·
379 1371 413 1420 et
434 1355 672 1436 Bellunenses,
693 1367 727 1415 'et
748 1353 873 1414 demini
896 1357 938 1418 de
961 1357 1133 1431 Romano,
1159 1369 1202 1420 et
1227 1355 1278 1418 illi

219 1443 261 1508 de
285 1441 434 1512 Camino,
456 1439 622 1514 Paduani,
644 1453 677 1502 et
701 1438 743 1502 de
766 1437 834 1500 aliis
857 1437 1053 1510 civitatibus.
1088 1442 1209 1504 castris
1244 1455 1277 1504 et

219 1526 322 1600 villis,
351 1525 504 1600 homines
539 1539 571 1588 et
600 1523 766 1590 foeminae
794 1523 1001 1600 innumerati.
1043 1525 1121 1590 Fuit
1148 1543 1192 1590 et
1223 1525 1273 1589 ibi

217 1611 466 1694 Aquilegiensis
494 1609 673 1691 patriarcha
701 1627 777 1670 cum
807 1609 960 1672 omnibus
983 1611 1146 1694 episcopis
1174 1633 1274 1694 prae·

219 1697 378 1766 dictarum
399 1690 576 1760 civitatum.
620 1691 697 1756 Fuit
719 1691 763 1756 ibi
786 1695 930 1772 marchio
951 1695 1113 1772 Estcnsis,
1149 1712 1187 1759 et
1212 1700 1272 1759 fra-

218 1795 268 1844 ter
288 1784 467 1844 Jordanusr
482 1851 485 1860 ¹
502 1777 682 1862 presbyteri
704 1799 840 1864 quoque
869 1794 902 1842 et
929 1781 1053 1858 clerici,
1080 1782 1212 1844 milites
1237 1795 1269 1844 et

217 1867 409 1948 populares,
438 1885 554 1929 omnes
582 1865 651 1928 fere
682 1863 813 1926 istarum
842 1863 1027 1940 civitatum,
1054 1866 1209 1930 inermes
1234 1881 1268 1930 et

116 1975 125 1988 ⁸
220 1973 297 2016 cum
328 1951 458 2016 vexillis
486 1949 632 2012 cruciatis
660 1951 793 2011 luerunt
817 1949 952 2014 ibidem.
975 1953 1102 2014 rTanta
1129 1951 1198 2014 fuit
1221 1951 1267 2014 ibi

216 2035 429 2101 innumerosa
443 2034 636 2108 multitudo,
658 2035 751 2114 quod
770 2034 877 2116 (siout
898 2035 1020 2097 dictum
1043 2033 1112 2117 ¹est)
1138 2057 1157 2098 a
1182 2053 1266 2102 tem·

213 2141 300 2201 pere
319 2123 401 2184 lesu
423 2118 555 2192 Christi,
575 2119 609 2180 in
632 2119 712 2192 hoc,
741 2139 801 2200 per
821 2119 956 2208 alicujus
978 2120 1264 2202 praedicationem

217 2219 265 2268 tot
291 2227 360 2266 non
387 2205 520 2268 fuerunt
549 2204 737 2284 congregati
768 2204 802 2268 in
825 2224 945 2266 unum:
982 2223 1015 2268 et
1041 2205 1074 2268 in
1103 2229 1263 2271 reveren·

215 2289 293 2352 tiam
311 2286 414 2374 ipsius
436 2307 495 2372 pro
518 2289 631 2373 majori
652 2307 742 2370 parte
763 2289 892 2352 fuerant
914 2279 1099 2358 discalciati.
1150 2293 1260 2357 Erant

213 2389 352 2457 quoque
374 2373 518 2438 civitates
541 2369 618 2436 'cum
640 2366 786 2438 carrociis
807 2373 873 2435 suis
896 2394 994 2454 quam
1017 2378 1136 2458 plures.
1160 2379 1257 2442 Prae·

216 2460 337 2524 dicavit
357 2461 441 2524 inter
461 2459 545 2534 illos,
566 2474 601 2521 et
622 2455 736 2542 (quod
758 2475 807 2522 est
828 2458 997 2544 mirabils')
1014 2483 1082 2523 vox
1103 2461 1190 2525 illius
1214 2466 1254 2549 ab

217 2547 370 2608 omnibus
403 2545 595 2609 audiebatur
627 2543 812 2607 mirabiliter
845 2560 878 2608 et
909 2545 1093 2610 clarissime.
1154 2549 1250 2610 Facta

216 2630 470 2716 praedicatione,
504 2649 619 2712 pacem
652 2629 896 2710 pronunciavit,
926 2639 968 2694 ‘et
987 2631 1138 2721 'laudatiit
1168 2631 1253 2697 inter
1312 2629 1313 2688 ἶ

106 2735 111 2752 ·
216 2735 351 2790 omnes,
373 2728 407 2779 et
429 2713 592 2778 ordinavit
613 2729 690 2776 tunc
712 2715 955 2777 matrimonium
977 2715 1061 2780 inter
1082 2716 1250 2779 dominam

214 2799 447 2875 Ademtum,
478 2800 577 2863 filiam
605 2799 735 2862 domini
763 2799 911 2862 Alberici
943 2801 986 2864 de'
1015 2794 1250 2878 Romanos&

207 2889 415 2958 ·Rairraldurn
445 2885 548 2947 filium
578 2881 960 2948 marchionis'llttsnsis.
1003 2880 1106 2968 Cujus
1129 2887 1249 2952 dictum

104 3011 109 3018 -
144 2961 170 3016 ’-
215 2976 255 3034 ab
278 2973 430 3043 omnibus
458 2991 533 3032 oum
563 2969 687 3052 magnis
715 2969 864 3033 laudibus
889 2969 955 3052 'fuit
976 2971 1155 3054 gratissime
1177 2993 1246 3034 con·

164 3106 166 3114 .
213 3059 393 3135 firmatum..
441 3059 538 3137 Ipse*
560 3067 669 3120 autern
702 3057 988 3134 transgressoribus
1027 3057 1246 3140 anathematis,

212 3163 367 3224 poenam,
390 3155 423 3204 et
443 3142 524 3203 lesu
546 3139 663 3202 Cbrtsti
684 3137 952 3219 indignationem,
975 3156 1008 3204 et
1025 3163 1166 3205 omnem
1186 3165 1245 3204 ma·

215 3227 426 3308 ledictionern
452 3225 582 3286 indixitr
617 3226 885 3286 conservantibus
914 3239 1023 3289 autem
1052 3227 1121 3290 Dei
1149 3228 1244 3289 omni·

21 3389 22 3396 ἵ
102 3353 109 3368 ,
141 3355 143 3358 -
208 3309 356 3394 potentis
378 3309 528 3392 gratiam,
558 3323 592 3372 et
611 3329 703 3371 suam
726 3309 991 3373 benedictionem
1013 3311 1187 3389 concessit,
1214 3327 1245 3376 et

215 3398 261 3457 sic
289 3411 498 3460 revertuntur
526 3397 565 3456 ad
596 3393 747 3476 patriam,
786 3395 925 3475 quisque
949 3397 988 3458 atl
1006 3397 1122 3458 locum
1143 3417 1243 3473 suum,

212 3481 459 3561 magnificantes
497 3481 633 3554 Deum,
684 3491 718 3542 et
757 3477 867 3544 eidem
909 3479 1026 3562 gratias.
1063 3484 1243 3546 referendo.

214 3565 314 3637 Multi
336 3565 425 3628 enim
447 3565 601 3628 mortales
623 3562 745 3627 inimici
754 3594 770 3637 ,1
797 3564 930 3650 proprio
958 3581 1051 3628 motu
1072 3587 1187 3649 pacem
1205 3570 1244 3632 fa·

205 3650 351 3734 ciendo,
385 3650 612 3711 osculabantur
634 3649 673 3711 ad
695 3647 855 3724 invicem,
888 3644 1127 3732 praedicatione
1148 3653 1240 3735 ipsius

215 3739 254 3798 ad
284 3735 349 3797 hoc
375 3733 535 3814 inspirati:
570 3735 749 3798 habebatur
779 3735 871 3818 enirn=
897 3735 988 3814 quasi
1010 3739 1168 3819 propbeta
1190 3761 1240 3820 per

190 3839 342 3884 omnes.
386 3817 498 3898 Hujus
521 3819 618 3882 etiam
640 3835 728 3882 tanta
747 3819 833 3881 fama
856 3831 941 3894 'erat-,
964 3823 1171 3902 quodetiam
1194 3827 1239 3886 do·

157 3898 177 3972 ”,
202 3905 324 3976 minus
358 3903 556 3991 apostolicus
587 3907 798 3968 reverebatur
830 3903 950 3970 eidem.
983 3936 987 3940 ·
1016 3909 1088 3970 Nec
1122 3909 1239 3983 mirum,

216 3990 294 4072 quia
320 3987 616 4060 mosomense-
639 3989 772 4075 publitc
799 3991 1067 4075 praedicabant,-·
1088 3993 1186 4073 (sicut
1211 4007 1241 4056 ut

188 4085 212 4123 ”-
625 4079 631 4092 “
740 4145 742 4153 s
1121 4093 1241 4164 egomet
1311 4081 1313 4090 ’

366 4187 381 4224 b
