2628 4748
913 471 918 478 .
1006 357 1111 436 soe·
1285 293 1293 336 Ἰ

81 509 85 534 t
584 503 588 508 ’
666 489 678 520 l

43 545 265 634 Augariisque
284 551 387 610 sacras
409 543 507 610 etiam
529 564 652 612 vexere
673 545 864 630 frequenter

44 641 135 704 Ausa
157 635 275 694 domos
299 631 494 712 plerumque
516 631 581 694 suis
604 631 731 696 exactio
754 643 876 715 cessere

44 723 112 788 Aut
137 715 255 782 exacta
272 716 374 798 duplo
396 715 561 780 redhiberi
583 719 675 798 plura
692 718 862 799 jubemus.

43 807 108 896 Qui
129 803 219 886 pacis
236 802 345 884 jurare
369 803 518 878 modum,
539 802 748 882 formamque
771 818 886 870 tenere

45 892 219 972 Improbus
243 885 403 964 abnuerit,
425 907 510 965 quae
532 888 678 968 possidet
700 890 811 953 omnia
831 887 936 971 vulgo
971 897 976 915 ‘

44 974 245 1058 Deripienda
266 987 388 1053 patent,
411 970 650 1058 evertendique
672 988 820 1056 penates.

46 1061 114 1149 Qui
130 1059 329 1120 violatorem
348 1057 436 1136 pacis
458 1058 680 1136 fovet,·atque
702 1069 856 1139 receptat,
880 1113 882 1118 .
986 1137 988 1142 Ι

47 1143 362 1224 Consensuculpae,
383 1142 504 1204 meruit
522 1143 683 1204 consortia
705 1163 846 1224 poenae.
943 1168 953 1184 ·

46 1225 232 1294 duramenta
253 1241 355 1302 metu,
379 1228 535 1290 mortisve
558 1227 673 1295 dolore
697 1233 817 1302 coacta,

47 1315 221 1396 Praecipue
243 1333 288 1376 ne
310 1313 527 1396 quis4multis-
537 1311 685 1376 nocitura
707 1313 878 1394 loquendo
964 1305 982 1322 ‘

47 1399 202 1474 Publicet,
226 1397 337 1460 autin
360 1417 395 1460 se
418 1395 593 1476 crudeliter
615 1415 684 1470 acta
706 1415 871 1478 queratur,
1043 1465 1049 1474 ,

48 1483 170 1550 Nullius
194 1482 312 1559 meriti,
332 1483 390 1546 vel
412 1483 569 1564 ponderis
592 1501 664 1548 esse
682 1481 850 1566 jubemus.

84 1707 87 1716 ,
122 1653 170 1725 B,
204 1653 279 1716 Jam
306 1675 347 1719 ue
367 1649 555 1716 rebellatrix
575 1671 752 1736 suppresso
774 1653 893 1720 Creme
913 1651 1033 1722 timore
1110 1695 1112 1704 ν

50 1739 225 1804 Praeteritis
250 1675 366 1828 alllicta
388 1737 497 1814 malis,
526 1740 886 1822 metuensque‘futura,
1023 1745 1025 1751 “

50 1827 201 1906 Coeperat
225 1824 261 1888 in
283 1844 355 1886 sese
379 1824 519 1906 graviter
540 1825 692 1892 mulctata
712 1824 845 1896 reverti.
975 1878 978 1886 ,

49 1911 113 1974 Jarn
133 1929 167 1978 se
184 1929 293 1992 posse
318 1909 436 1984 minus,
458 1907 591 1989 trepidi,
620 1910 791 1990 tristesque
806 1913 966 1992 latentur,
1012 1989 1016 1994 .
1130 1913 1144 1968 ‘i
1184 1943 1187 1952 ¹

49 1997 113 2056 Nec
133 1995 238 2058 solitis
261 1997 388 2066 turbare
413 1995 499 2068 viros
523 1993 713 2056 excursibus
737 1995 872 2062 audent.

48 2081 96 2141 Ne
115 2095 230 2143 tamen
251 2080 388 2142 omnino
410 2077 501 2140 nulla
521 2077 586 2140 sint
605 2078 720 2140 fraude
742 2097 912 2170 nocentes,

50 2163 236 2246 Muscipulis
259 2163 381 2228 similes
402 2165 550 2242 laqueos,
572 2174 746 2243 nexusque
766 2179 911 2245 tenaces,

50 2251 202 2330 Furtaque
232 2249 398 2312 mirandae
419 2269 489 2310 non
512 2248 698 2329 apparentia
718 2247 850 2326 fraudis,
938 2293 944 2304 ,
975 2259 985 2274 ⁶

52 2335 138 2398 More
159 2355 266 2410 novo,
289 2333 433 2414 notaque
457 2331 566 2401 minus
589 2331 844 2400 reorhactenus
867 2351 945 2414 arte,

52 2419 110 2480 Per
130 2439 355 2500 quascumque
379 2418 464 2508 vias,
494 2432 526 2481 et
548 2417 629 2480 circa
652 2419 785 2482 inoerria
806 2419 956 2486 tendunt.

55 2503 139 2591 Utsi
160 2521 253 2568 cauta
273 2523 388 2588 parum
410 2505 530 2582 laqueo
552 2502 688 2587 vestigia
710 2503 917 2584 quisquam,
1017 2571 1026 2580 ⁸
1083 2570 1088 2586 ¹
1146 2508 1152 2516 '

56 2587 180 2666 luserat,
206 2605 283 2653 ante
305 2589 438 2670 quidem
462 2609 560 2668 quarn
582 2607 618 2652 se
642 2589 822 2658 dissolvere
844 2589 958 2674 possit,

56 2673 153 2752 Adsit,
175 2691 207 2740 et
230 2677 418 2748 obtruncet,
440 2687 615 2756 captumve
638 2679 786 2738 co'e'rceat
807 2675 920 2740 hostia
958 2725 960 2730 ,

56 2755 216 2826 Praeterea
240 2761 348 2824 densis
371 2762 539 2822 scrobibus
563 2759 677 2822 tellure
700 2769 812 2824 cavata
930 2819 937 2842 ‚

36 2851 40 2860 '
57 2844 242 2928 Praecipites
259 2846 379 2908 'fodere
402 2837 508 2919 dolos,
528 2844 699 2927 fossasque
720 2847 859 2912 latentes
989 2885 996 2913 ι

57 2927 176 3010 Injectu
198 2947 310 2994 texere
332 2929 416 3004 levi,
446 2947 525 3009 quas
547 2927 668 2992 incidat
689 2930 790 3009 hostis

58 3009 185 3091 Inscius,
207 3016 369 3084 etffsubito
390 3031 498 3132 pateat
520 3015 704 3080 discrimine
725 3016 832 3081 morti.

58 3095 119 3165 His'
135 3101 268 3182 aliisque
291 3101 502 3180 dolis,=qnos
524 3103 660 3163 tendere
683 3103 797 3164 callida
819 3103 934 3186 plebes

57 3183 213 3262 sueverat,
236 3186 375 3264 ultrices,
389 3188 521 3269 tandem
543 3186 747 3249 Friedericus
769 3188 808 3250 in·
825 3190 888 3255 iras

58 3265 190 3346 Excitus,
212 3287 460 3351 extremamque
483 3287 618 3332 manum
640 3290 801 3354 praestare
824 3272 927 3338 labori
997 3322 1000 3333 ,

60 3353 258 3431 Accelerans,
276 3358 345 3438 jam
368 3359 490 3438 quippe
512 3358 584 3418 viro
607 3372 681 3438 post
702 3359 825 3440 oppida
846 3361 955 3426 clausa

32 3503 42 3528 ,¹
60 3429 164 3502 Sextus
187 3446 341 3526 agebatur
363 3440 501 3504 brumali
522 3443 642 3524 frigore
664 3444 797 3519 mensis,

60 3520 212 3588 Omnibus
235 3527 386 3601 affectis,
404 3527 573 3606 finemque
596 3529 783 3608 optantibus
806 3528 885 3592 olim
944 3574 950 3594 ,
1005 3537 1010 3548 ”

59 3603 249 3687 Bellorum,
270 3629 482 3694 quocumque
506 3613 605 3692 modo
629 3613 810 3676 munimina
831 3613 921 3695 bello

59 3687 245 3778 Expugnare
269 3717 372 3780 parat:
393 3701 520 3760 tardum
543 3697 603 3758 sibi
625 3699 746 3778 quippe
769 3700 901 3764 videtur

60 3769 229 3859 Expectare
249 3782 383 3858 famem,
406 3783 619 3864 eomlongos
642 3782 721 3866 civis
744 3784 785 3844 ad
806 3797 885 3850 usos

61 3857 195 3930 Plurima
216 3869 257 3932 de
279 3872 353 3932 totis
375 3884 488 3947 cautos
511 3869 677 3950 collegerit
699 3870 792 3950 agris.
835 3863 837 3868 ’

60 3939 202 4016 Protinus
223 3955 263 4016 ad
285 3965 409 4030 muros,
429 3955 571 4018 munitas
593 3953 743 4036 undique
764 3971 878 4036 turres,
959 4011 962 4020 ,
1010 3965 1075 4112 'r

273 4055 278 4066 .
875 4056 881 4074 ··
983 4061 985 4070 ’
1053 4065 1085 4114 ῃ.
