2682 4756
201 431 299 523 ‘seo

218 635 407 698 morabatur
427 629 621 706 confinibus,
642 627 812 714 pervenit,
831 628 936 695 'et'eis
957 627 991 694 in
1013 631 1127 698 unum
1143 623 1261 702 c‘onve·
1324 689 1325 722 ,

171 715 173 720 ’
218 719 404 794 trientibus,
437 717 581 781 studiose
605 732 737 784 tractare
758 731 956 799 coeperunt,
989 719 1127 798 qualiter
1155 721 1262 786 cirita·
1324 737 1325 750 ¹

218 793 588 886 tem-Trojauamsisse
611 801 799 865 subinittant
821 801 981 883 potestati.
1025 805 1180 892 Qnetuor
1197 809 1262 888 qui·
1324 799 1325 802 ¹

145 887 148 892 ’
218 894 299 955 dem
319 889 463 952 millibus
477 887 668 969 interjectis,
698 909 717 950 a
742 886 872 950 civitate
892 885 1045 968 Troiana
1060 911 1175 956 comes
1199 893 1260 956 Ro.

216 973 327 1062 §erius
346 973 474 1050 Ariani,
496 983 572 1036 cum
593 971 805 1056 septingentis
828 958 981 1035 militibus
1003 974 1047 1038 de
1056 973 1172 1040 'morte
1181 979 1260 1058 ‚des-

218 1057 349 1157 peratis,
370 1061 591 1122 merebantur.
635 1057 735 1122 Cives
756 1077 874 1122 revera
894 1058 1032 1140 Trojani
1059 1075 1136 1124 cum
1160 1075 1259 1126 extra·

68 1129 71 1140 ⁴
166 1143 172 1150 ’
216 1147 305 1222 treis,
334 1145 399 1226 'qui
427 1145 468 1206 ad
494 1156 555 1207 eos
584 1133 809 1224 confugerant,
837 1152 914 1228 prae
944 1139 1062 1208 timore
1095 1145 1259 1211 nominati

216 1230 314 1316 regis,
336 1217 612 1293 civitatem·iliam
635 1229 818 1290 tuebantur.
862 1225 937 1291 Rex
958 1225 1068 1310 itaque
1090 1229 1258 1296 civitatem

213 1317 305 1381 illam
326 1315 372 1378 sic
393 1335 413 1377 a
433 1327 597 1376 tantorum
620 1312 766 1376 virorum
790 1311 913 1376 'virtute
943 1313 1103 1378 munitam
1125 1335 1258 1398 persen.

213 1401 309 1477 tiens,
338 1401 379 1462 a'd
401 1399 570 1462 castellum
601 1393 808 1462 Bacharezaa
839 1397 885 1460 ibi
915 1395 1062 1461 vicinum
1094 1401 1257 1468 ducentos
1324 1401 1325 1406 ’

176 1510 179 1518 ’
213 1485 334 1568 milites
356 1482 486 1560 dimisit,
514 1483 574 1565 pr'o
597 1482 733 1546 civitatis
760 1483 846 1546 illius
868 1480 1093 1560 infestatione,
1129 1501 1164 1552 et
1186 1485 1256 1570 ipse
1324 1563 1325 1566 Ἴ

207 1589 289 1632 rum
312 1571 407 1644 duce,
428 1568 598 1632 nominato
615 1567 683 1630 filio
701 1585 774 1644 suo,
794 1567 958 1652 simulque
975 1585 1091 1632 eorum
1108 1571 1255 1636 exercitu
1324 1629 1325 1642 ,

213 1659 384 1730 advocato,
398 1665 497 1739 super
510 1653 673 1718 civitatem
685 1651 850 1716 Asianum
864 1653 990 1716 comitis
1002 1655 1136 1740 Rogerii
1151 1655 1252 1723 venit.
1323 1653 1325 1776 n

213 1743 381 1804 Continuo
399 1759 457 1802 rex
475 1737 545 1820 ipse
564 1737 728 1802 civitatem
745 1738 832 1802 illam
858 1739 1004 1814 obsedit,
1031 1752 1065 1804 et
1085 1737 1252 1826 lignorum
1323 1803 1325 1876 1

35 1811 38 1817 ¹
83 1852 85 1860 ’
121 1814 154 1910 ’,’
211 1825 378 1889 machinas
400 1827 442 1886 ad
463 1827 721 1906 expugnandum
742 1846 815 1909 earn
834 1824 904 1888 fieri
926 1825 1104 1888 mandavit.
1152 1825 1250 1892 Cives
1323 1879 1325 1894 t

210 1997 451 2080 ingerebantur,
474 1997 680 2068 metuebant,
702 1994 861 2057 ducentos
884 1993 974 2057 enim
996 1995 1126 2069 milites,
1150 2012 1184 2062 et
1205 1996 1250 2059 vi-

107 2140 110 2152 ,
200 2083 290 2230 {itm
311 2081 381 2156 fere
404 2077 504 2140 millia
526 2093 721 2141 armatorum
742 2077 778 2140 in
799 2077 963 2158 eivitatem
985 2077 1247 2160 introduxerunt.

244 2188 286 2230 ex
313 2165 422 2245 itaque
451 2162 496 2225 sic
531 2185 605 2228 eam
639 2179 781 2246 paratam
818 2181 852 2227 et
884 2163 1044 2228 munitam
1077 2165 1246 2256 nspiciens,

208 2247 310 2314 sistra
332 2247 478 2314 amoveri
500 2250 680 2330 praecepit,
703 2265 736 2314 et
756 2249 866 2312 liuore
895 2251 1090 2325 commotus,
1119 2251 1242 2330 vineas,

128 2333 134 2387 ἶ
208 2339 334 2412 olivas,
361 2351 395 2400 et
422 2335 568 2408 arbores,
603 2350 636 2398 et
657 2349 724 2398 sata
746 2355 879 2409 eorum,
913 2353 998 2416 quae
1026 2333 1170 2400 inveniri
1190 2359 1242 2418 po·

207 2435 328 2498 terant,
352 2417 453 2484 incidi
475 2417 660 2495 mandavit,
687 2434 721 2483 et
743 2420 919 2496 devastari,
949 2435 982 2485 et
1009 2417 1055 2484 sic
1076 2421 1241 2486 civitatem

136 2559 142 2563 .
205 2502 294 2572 illam
317 2507 484 2570 dimittens
506 2505 607 2566 biduo
629 2525 689 2586 per
708 2503 851 2568 confinia
867 2505 951 2568 illius
969 2521 1111 2588 moratus
1129 2513 1239 2571 est-'-

204 2595 337 2658 Eodem
360 2607 508 2672 tempore
529 2589 698 2672 praefatus
712 2589 909 2674 apostolicus
923 2591 1140 2661 Innocentius
1153 2613 1238 2675 prae·
1322 2639 1323 2642 ,

205 2679 328 2741 dictum
351 2677 470 2763 ducem
493 2675 718 2756 Rainulphum
741 2673 875 2751 obiisse,
898 2677 1054 2752 audiens,
1076 2675 1168 2757 satis,
1195 2697 1237 2742 sa·

195 2765 309 2846 risque
332 2759 516 2832 condoluit,
539 2763 572 2824 et
592 2760 729 2822 consilio
751 2761 1007 2840 communicato,
1034 2763 1153 2826 urbem
1175 2761 1236 2826 Ro·

203 2869 293 2917 mam
316 2847 427 2923 exivit,
449 2845 537 2910 mille
560 2844 706 2926 equitum
725 2857 854 2930 caterua
871 2847 1015 2928 stipatus,
1035 2862 1069 2910 et
1088 2847 1235 2929 peditum

202 2931 411 2998 multitudine
434 2929 582 3014 copiosa,
614 2929 737 2996 deinde
765 2933 807 2992 ad
836 2931 1000 2999 civitatem
1027 2932 1128 2994 sancti
1158 2935 1234 3012 Ger-

1245 3163 1249 3186 i

211 1929 332 1983 autem,
355 1909 538 1984 etmilit'es,
561 1908 616 1989 qui
639 1929 723 1970 cum·
733 1909 779 1972 eis
798 1927 898 1984 erant,
920 1909 1005 1974 nihil
1021 1929 1063 1974 ex
1080 1907 1142 1987 lais,
1164 1931 1250 1992 quae

200 3020 290 3087 mani
311 3017 472 3102 pervenit.
516 3019 669 3094 Cumque
691 3018 851 3100 praefatus
879 3007 946 3080 iex·
966 3016 1181 3101 apostolicum
1202 3019 1233 3080 il·

200 3110 271 3170 lu'm
298 3107 379 3192 urbe
409 3119 576 3186 egressum
603 3095 778 3182 nereensit,
808 3105 931 3184 legatos
963 3117 1039 3165 suos
1067 3101 1232 3189 praedicto

138 3207 140 3210 ·
202 3190 379 3273 apestolico
402 3191 444 3250 de
468 3207 548 3270 pace
572 3185 748 3262 mandavit,
769 3203 803 3249 et
825 3187 1230 3272 voluntatem‘apostolici,

201 3273 234 3341 et
261 3275 453 3358 petitionem
482 3271 652 3354 pollicetur
673 3273 840 3358 perficere.
884 3269 1099 3354 Apostolicus
1122 3289 1233 3339 autem

199 3364 322 3444 legatos
344 3359 427 3442 regis
449 3355 587 3422 honeste
611 3357 793 3438 accipiens,
815 3357 992 3422 cardinales
1015 3357 1098 3430 duos
1122 3356 1165 3422 ad
1187 3379 1232 3424 re·

199 3465 275 3530 gem
304 3444 411 3526 ipsum
439 3441 626 3518 transmisit,
654 3439 758 3524 pais,
788 3457 821 3505 et
846 3441 1027 3506 dilectionis
1048 3443 1230 3510 firm‘amenss
1262 3495 1264 3502 .

145 3555 148 3564 ·
198 3549 269 3594 tum
292 3529 487 3604 describens,
510 3543 542 3591 et
563 3541 600 3589 ut
622 3529 663 3590 ad
685 3525 971 3604 evitatemffisancti
993 3528 1151 3594 Germani
1173 3549 1230 3593 rex

196 3617 268 3698 ipse
288 3614 463 3679 festinaret.
507 3611 597 3702 Quid
627 3615 750 3674 multa?
782 3604 959 3676 cardinales
986 3613 1059 3677 illos
1082 3621 1147 3678 'rex
1174 3613 1233 3678 illo

84 3739 110 3767 ·.
196 3701 383 3784 diligenter,
416 3715 449 3762 et
476 3697 618 3761 honeste
648 3695 823 3792 accipiens,
855 3697 1018 3761 civitatem
1039 3699 1228 3782 Troianam,

196 3807 295 3868 quam
317 3783 495 3859 obsidebat,
517 3781 646 3858 dimisit,
670 3798 703 3846 et
724 3801 819 3860 cursu
835 3783 948 3865 rapido
967 3785 1007 3846 ad
1025 3785 1227 3865 praedictum

133 3895 138 3928 s
196 3869 421 3958 apostolicum,
448 3889 522 3931 cum
552 3869 636 3932 duce
662 3867 730 3949 illio
758 3885 839 3946 suo,
879 3883 913 3934 et
933 3867 1128 3932 exerciturus
1150 3871 1226 3944 suis,

99 4011 102 4018 .
143 3958 161 4022 ,’
195 3957 341 4029 festinatt
375 3951 531 4016 continuo
558 3974 618 4034 per
643 3953 766 4035 legatos
794 3972 871 4015 suos
900 3955 939 4015 ab
968 3957 1108 4042 utraque
1138 3971 1224 4036 parte

195 4045 238 4108 de
264 4039 353 4130 pacis
380 4035 519 4110 foedere
547 4036 733 4106 interlocuti
754 4053 839 4104 sunt.
880 4037 1096 4138 Apostollcus
1116 4037 1223 4138 inque

527 4151 535 4175 r
1050 4189 1054 4198 ,
1115 4145 1223 4210 punct·
