2664 4754
609 363 618 390 l

229 317 437 474 aar*

228 587 329 642 teret.
387 567 595 636 Nuncimtur
622 565 706 632 haec
734 563 803 648 regi
834 563 953 630 festive
985 563 1022 630 in
1048 567 1175 650 palatio
1208 589 1289 634 cum

228 659 321 728 omni
343 677 517 740 procerum
538 653 723 736 frequentia
742 651 954 726 convivanti,
975 651 1111 716 mittitur
1132 676 1152 716 a
1177 655 1287 719 latere

226 746 298 828 ejus
321 739 517 820 Ranulphus
540 740 583 802 de.
605 737 781 810 Glanuilla,
801 736 895 818 regni
915 753 1122 818 procurator,
1144 739 1206 802 vla
1227 763 1287 822 po·

226 847 298 896 tens
329 841 362 891 et
391 827 551 908 prudens,
583 843 660 886 cum
692 821 763 884 aliis
797 841 907 902 aeque
938 823 1121 900 nobilibus,
1157 840 1203 886 ut
1224 829 1285 890 vel

152 934 155 944 ·
224 917 371 980 flecteret
405 912 461 976 vel
493 911 655 972 fraenaret
686 908 838 971 audaces.
898 905 948 970 At
979 908 1014 970 id
1044 911 1177 972 frustra.
1202 961 1205 969 ,
1235 913 1282 974 In

225 1001 368 1064 tumultu
391 991 486 1060 'enim
515 1010 605 1056 tanto
634 993 745 1056 nullus
775 1013 893 1056 eorum
920 1007 976 1056 aut
1002 1014 1122 1058 vocem
1144 999 1284 1060 auscul-

224 1087 320 1154 tavit,
349 1097 404 1146 aut
432 1081 550 1144 faciem
579 1078 764 1140 honoravit.
809 1077 901 1166 Qbin
926 1077 1037 1162 potius
1065 1082 1211 1160 quidam
1233 1083 1281 1145 in.

222 1163 489 1250 disciplinatioies
512 1167 652 1228 fremere
675 1165 833 1230 adversus
863 1181 922 1227 eos
942 1181 1139 1246 coeperunt,
1179 1181 1220 1230 et
1243 1185 1280 1231 ut

223 1270 380 1316 maturius
409 1251 620 1318 recederent,
649 1249 831 1312 terribiliter
859 1249 1145 1314 denuntiaverunt.
1199 1251 1278 1316 Illis

222 1339 321 1420 igitur
342 1338 554 1402 effraenatam
576 1329 700 1396 rabiem
723 1333 871 1399 consulte
894 1332 1147 1410 declinantibus,
1182 1352 1280 1402 tanta

220 1422 360 1494 licentia,
384 1435 505 1503 quanta
525 1435 559 1482 et
575 1416 720 1494 audacia,-
740 1419 906 1498 usquead
928 1419 1093 1498 sequentis
1116 1421 1193 1495 diei
1209 1425 1280 1488 ho.

217 1531 287 1574 ram
311 1507 489 1574 secundam
512 1504 705 1568 desaeviere
726 1504 938 1583 praedantes,
960 1519 993 1566 et
1014 1516 1089 1568 tunc
1107 1507 1278 1582 ,eaeden-

218 1595 251 1658 di
272 1593 374 1674 magis
396 1585 522 1656 satietas
545 1591 603 1652 vel
621 1587 794 1664 lassitudo,
815 1609 914 1668 quam
937 1589 993 1654 vel
1014 1589 1112 1667 ratio,
1134 1593 1200 1658 vel
1226 1617 1276 1658 re.

219 1680 367 1744 verentia
390 1676 555 1758 principis,
586 1673 812 1756 praedantium
834 1673 960 1738 sedavit
980 1671 1136 1740 furorem.
1184 1680 1277 1742 Hoc

134 1812 137 1823 .
217 1782 352 1830 eatenus
386 1763 533 1824 inaudito
566 1759 675 1842 regiae
710 1757 846 1824 civitatis
884 1776 1027 1836 eventu,
1063 1775 1096 1824 et
1125 1765 1274 1846 egregie

216 1849 371 1914 inchoato
393 1847 537 1929 perfidae
559 1847 665 1928 gentis
688 1845 812 1926 exitio,
844 1859 878 1908 et
899 1859 989 1918 nova
1010 1845 1274 1912 christianorum

217 1952 329 1998 contra
361 1933 509 1994 inimicos
543 1929 644 1994 crucis
678 1929 796 1996 Christi
826 1928 961 2012 fiducia,
1005 1931 1181 2013 insignitus
1218 1951 1272 1998 est

215 2021 309 2102 regni
338 2016 543 2080 illustrissimi
576 2017 661 2098 regis
695 2013 850 2103 Richardi
880 2015 949 2078 dies
981 2015 1119 2098 primus,
1154 2019 1270 2102 plane

111 2145 112 2148 =
214 2125 284 2166 non
315 2119 441 2166 tantum
465 2101 750 2183 juxtatregulam,
784 2122 849 2181 qua
867 2099 1026 2182 jubentur
1045 2101 1208 2184 ambigua
1231 2105 1269 2168 in

126 2243 129 2248 .
166 2237 170 2246 .
213 2189 331 2252 melius
354 2186 462 2269 potius
484 2207 582 2266 quam
605 2186 640 2248 iu
662 2183 804 2250 deterius
826 2185 983 2260 derivari,
1012 2207 1127 2250 verum
1151 2190 1267 2254 etiam

209 2273 302 2354 juxta
331 2271 601 2354 significationem
629 2271 827 2352 aptissimam
849 2269 1038 2342 christianae
1066 2271 1100 2334 in
1134 2273 1265 2372 diebus

165 2419 171 2434 ,
212 2357 533 2440 ejusrpromotionis
566 2375 749 2442 praesagus.
800 2356 891 2504 guid
924 2357 1012 2420 enim
1045 2359 1147 2438 aptius
1187 2380 1266 2442 por-

189 2443 332 2514 tendit,
364 2442 398 2505 sb
418 2442 497 2522 quid
524 2441 704 2524 p'ottendit,
737 2463 803 2522 quo
854 2442 962 2524 regiae
997 2443 1262 2508 consecrationis

211 2526 282 2609 ejus
300 2526 401 2604 diem',
420 2527 537 2608 pariter
557 2543 590 2590 et
602 2529 712 2590 locum
725 2526 936 2611 blasphemae
949 2527 1053 2610 gentis
1065 2529 1263 2596 nobilitavit
1326 2547 1327 2571 ¹

209 2615 363 2688 exitium,
396 2613 486 2692 quod
508 2611 542 2674 in
564 2612 635 2692 ipso
657 2611 750 2694 regni
772 2613 843 2692 ejus
863 2613 1014 2688 exordio,
1035 2611 1144 2678 hostes
1169 2617 1260 2678 chri·
1325 2647 1326 2671 t

167 2762 169 2770 ,
201 2692 331 2762 ‘stianae
358 2697 436 2762 fidei
456 2712 638 2778 coeperunt
655 2699 748 2778 juxta
770 2717 848 2783 eum
877 2697 995 2762 cadere
1016 2713 1049 2762 et
1069 2699 1257 2766 infirmari?
1324 2723 1325 2738 ³

123 2773 129 2798 ⁸
206 2783 289 2848 Non
311 2803 391 2863 ergo
414 2781 468 2846 sic,
481 2799 614 2844 moneat
635 2802 837 2862 quemquam
859 2783 916 2847 vel
937 2784 1026 2846 urbis
1046 2781 1082 2844 in
1102 2785 1257 2868 quadam
1323 2847 1324 2873 ,

205 2869 278 2950 ejus
308 2885 397 2950 parte
425 2867 632 2942 incendium,
665 2868 720 2932 vel
743 2865 884 2930 insulsus
905 2869 962 2932 ille
983 2869 1095 2932 servor
1114 2867 1249 2933 indiscl

97 3011 102 3018 .
203 2945 420 3051 plinatohrm,
452 2974 519 3032 quo
552 2951 660 3015 minus
690 2951 846 3034 praeclari
873 2969 1013 3016 eventus
1047 2953 1153 3016 bonus
1189 2953 1252 3019 fiat
1322 2939 1323 2973 ¹

117 3030 120 3064 ³
203 3059 344 3120 ptusque
374 3039 548 3118 interpres,
577 3057 652 3098 oum
682 3051 715 3100 et
736 3037 926 3118 hujusmodi
947 3057 1115 3119 supernae
1130 3041 1250 3104 mode-

202 3124 336 3186 rationis
358 3123 463 3186 ordini
486 3124 634 3194 militent,
655 3121 856 3202 impleatque
876 3121 1084 3204 omnipotens
1102 3125 1248 3204 plerum·

202 3229 267 3288 que
300 3210 504 3272 voluntatem
537 3213 629 3270 suam
661 3208 760 3272 valde
792 3211 934 3286 bonam,¹
968 3202 1043 3290 per'
1064 3207 1245 3305 humiqum

136 3311 139 3318 ·
166 3350 169 3358 Δ
201 3293 300 3356 etiarn
322 3293 601 3380 nequissimorum
630 3293 852 3364 voluntatem,
886 3291 1113 3362 etactionem
1140 3296 1247 3360 valde

178 3387 345 3464 'pravam
389 3381 474 3442 Sane
503 3399 560 3444 rex
587 3397 713 3452 novus,
750 3399 827 3440 cum
855 3391 942 3440 esset
967 3376 1116 3460 ingentis
1136 3379 1246 3445 animi

198 3475 240 3534 et
253 3461 387 3542 ferocis,
418 3464 605 3546 indignatus
628 3479 662 3530 et
683 3463 814 3538 dolens,
844 3463 937 3542 quod
962 3462 997 3526 in
1026 3483 1086 3526 sua
1100 3469 1246 3530 ‘corona-

197 3543 295 3608 tionis
322 3549 478 3614 solemnis
507 3547 666 3630 regnique
688 3538 884 3630 primdrdiis,
912 3549 973 3610 sub
995 3546 1066 3628 ejus
1088 3569 1245 3631 praesen·
1295 3548 1298 3565 '

91 3649 92 3656 ¹
196 3629 240 3692 tia
268 3631 340 3692 talia
370 3634 597 3715 contigissent,
627 3636 808 3716 aestuabat,
844 3631 977 3710 anxius,
1007 3633 1164 3718 quidnam
1188 3655 1242 3698 su·
1303 3706 1307 3715 ¹

120 3722 125 3736 ¹
194 3734 256 3796 per
278 3715 327 3778 his
351 3736 436 3783 esset
458 3719 634 3800 agendum.
668 3719 810 3782 Tantam
833 3719 956 3802 quippe
979 3735 1012 3780 et
1033 3717 1104 3790 siue
1128 3742 1243 3784 ertem-
1303 3732 1308 3745 “

161 3843 163 3848 -
194 3801 259 3884 plo,
274 3801 447 3882 majestatis
476 3793 792 3883 regiae'laesionem
822 3797 1041 3878 dissimulare,
1070 3819 1169 3884 atque
1193 3807 1243 3870 iu·

193 3886 295 3947 ultam
318 3887 492 3962 dimittere,
513 3903 546 3952 et
567 3889 637 3971 regi
653 3887 749 3948 nimis
767 3887 972 3962 indecorum,
993 3903 1028 3950 et
1043 3888 1240 3972 regnoquo-

193 3974 260 4050 'qus
279 3971 418 4040 noxium
440 3973 630 4052 videbator,
663 3992 741 4036 cum
764 3987 872 4038 tautae
893 3973 1067 4038 atrocitatis
1091 3975 1240 4122 dissliamu·

287 4081 291 4089 ’
450 4071 457 4081 ’
1182 4060 1238 4140 tio,

1319 3199 1320 3275 l

1316 3293 1319 3376 l
