2628 4748
120 309 163 342 ”
223 357 301 448 ast

229 566 321 616 terea
348 563 410 632 per
434 557 537 612 totam
558 543 871 630 regionemwumor
891 548 1055 628 insonuit,
1086 557 1184 636 quod
1203 557 1268 624 Ve-

166 707 169 714 ,
228 635 300 702 nati
320 647 433 698 uonna
454 631 660 696 voluntatem
682 653 787 713 papae
809 635 936 702 vellent
955 637 1186 719 imperatorem
1204 644 1271 708 Ve

227 721 332 788 netias
366 715 591 782 intromittere.
639 717 720 804 Quo
747 719 857 782 'audito
884 721 1081 804 Lombardi,
1107 727 1166 806 qui
1194 727 1269 792 curu

195 861 203 890 ,
226 829 313 894 papa
339 822 400 888 pro
427 803 578 868 facienda
599 823 681 886 pace
703 803 868 868 Venetiae
890 825 1060 884 venerant,
1083 828 1269 880 metuentes

226 891 371 960 subitum
393 887 598 972 imperatoris
618 885 812 962 adventum,
835 905 869 954 et
887 891 988 956 fidem
1000 895 1214 966 Venetorum
1237 915 1268 965 et

227 977 441 1044 constantiam
470 987 657 1055 suspectam
686 975 862 1050 habentes,
896 975 1052 1042 intrantes
1074 980 1197 1058 naves,
1226 989 1266 1048 ad

226 1081 333 1150 partes
349 1061 517 1126 Tarvisiae
524 1079 562 1124 se
578 1061 822 1132 transtulerunt.
863 1062 954 1148 ¹Papa
972 1081 1080 1126 autem
1098 1088 1176 1128 cum
1191 1091 1267 1150 pau.

225 1152 271 1214 cis
298 1147 531 1220 cardinalibus,
563 1145 621 1226 qui
649 1163 763 1226 secum
792 1165 1030 1224 remanserant,
1062 1156 1172 1232 coepit
1194 1176 1267 1218 cou-

223 1235 340 1300 tristari
366 1248 402 1298 et
427 1245 575 1295 moestus
596 1250 681 1294 esse.
722 1231 897 1300 Metuebat
918 1233 1018 1308 enim,
1040 1235 1066 1313 si
1088 1239 1267 1318 imperator

223 1335 334 1384 eontra
351 1318 564 1382 uoluntatem
584 1337 689 1394 suam,
708 1316 896 1398 juramento
918 1338 987 1382 uon
1010 1322 1175 1401 praestito,
1199 1326 1267 1388 Ve-

221 1405 327 1470 netiae
344 1403 501 1474 introiret,
521 1421 679 1483 magnum
697 1423 738 1466 ex
761 1402 1005 1466 hocdamnunt
1024 1421 1061 1470 et
1080 1407 1266 1486 periculum

222 1505 336 1574 posset
357 1489 412 1554 dei
434 1487 591 1552 ecclesiae
612 1487 799 1568 provenire.
851 1488 1041 1555 Audientes
1064 1499 1175 1556 aute'm
1200 1495 1265 1560 hoc

222 1574 333 1638 nuntii
363 1572 449 1656 regis
481 1563 620 1647 Siciliae,
653 1571 841 1638 venientes
857 1575 897 1636 ad
929 1595 1049 1656 papam
1078 1584 1263 1658 coeperunt

221 1681 301 1726 curn
319 1658 453 1724 viriliter
471 1657 625 1733 animate,
636 1657 799 1724 dicentes:
817 1660 1004 1736 „Domina
1019 1683 1091 1726 non
1108 1681 1263 1751 opportet

109 1799 119 1813 ‚
220 1765 283 1810 vos
305 1745 454 1808 dubitare
474 1743 512 1806 in
534 1743 663 1822 aliquo,
686 1745 741 1806 vel
763 1761 927 1810 metueres
950 1767 1053 1816 tecte,
1066 1749 1157 1812 enim
1186 1773 1260 1830 qua·

132 1827 135 1834 ’
219 1847 295 1896 tuor
316 1833 424 1913 galeas
446 1827 572 1892 domini
586 1826 673 1912 regis
689 1827 815 1892 Siciliae
833 1831 875 1892 ad
895 1846 1042 1916 vestrum
1060 1835 1261 1916 obsequium

220 1931 423 2000 praeparatas
444 1913 622 1986 habemus,
644 1933 725 1993 quas
747 1933 852 1994 quum
873 1916 968 1980 vobis
990 1917 1109 1986 intrate
1129 1923 1260 2002 placue-

218 2003 274 2075 rit,
296 2019 410 2062 secure
433 2017 493 2060 vos
516 1999 560 2062 de
580 1997 645 2060 boc
665 1999 762 2074 loco,
783 2015 817 2064 ct
838 2000 961 2080 absque
983 2004 1147 2084 periculo,
1176 2007 1260 2070 invi·

91 2101 95 2107 ’
124 2106 125 2110 ’
217 2087 257 2150 tis
276 2085 377 2150 etiam
388 2081 532 2147 Venetis
551 2095 592 2146 et
607 2083 913 2160 contradicentibus,
935 2087 1150 2154 educemus.“
1178 2093 1259 2180 Qui.

146 2226 148 2234 .
218 2175 283 2232 bus
309 2167 419 2232 verbis
447 2187 532 2248 papa
559 2166 740 2250 plurimum
763 2170 923 2234 animatus
942 2176 1129 2254 respondit:
1165 2180 1259 2256 quod

125 2309 129 2314 .
216 2257 260 2318 de
281 2273 343 2316 suo
366 2265 434 2316 erat
455 2251 640 2335 proposito,
660 2266 697 2314 ut
717 2252 906 2327 cardinales,
935 2258 992 2336 qui
1019 2259 1063 2320 ad
1082 2260 1259 2342 imperato·

209 2359 286 2404 ¹rem
305 2338 451 2415 iverant,
481 2335 647 2418 usquein
669 2336 758 2400 diem
779 2339 953 2402 crastinum
975 2359 1173 2424 expectaret,
1197 2369 1256 2423 ne,

213 2425 241 2488 si
264 2422 311 2488 eis
333 2422 525 2486 inconsultis
545 2423 730 2496 recederet,
763 2423 1017 2505 puss'et'merito
1045 2429 1187 2496 levitatis
1212 2455 1257 2498 ar·

212 2509 280 2594 gui,
301 2522 335 2572 et
357 2509 399 2572 de
422 2509 543 2572 violata
562 2507 766 2572 fraternitate
781 2507 913 2590 culpari.
934 2539 977 2560 ·—
997 2509 1118 2578 Altera
1140 2531 1255 2580 autem

211 2594 267 2658 die
290 2593 375 2667 dux,
413 2611 494 2655 sano
521 2611 601 2654 attus
630 2591 783 2666 consitio,
822 2593 909 2674 apud
937 2595 1167 2662 Rivumattum
1190 2603 1256 2668 sub
1312 2629 1313 2666 ς

171 2693 176 2700 ·
211 2678 489 2760 voceprseconis
508 2677 589 2742 lecit
607 2677 738 2758 publice
766 2679 967 2744 declamaret
1001 2697 1039 2746 ut
1065 2687 1179 2748 nullus
1211 2690 1255 2752 de

209 2765 358 2828 adventu
379 2763 581 2844 imperatoris
603 2761 730 2826 audiret
750 2766 890 2828 verbum
911 2759 1035 2842 ficere,
1056 2769 1120 2832 nisi
1143 2791 1253 2852 quum
1312 2791 1313 2800 ¹

206 2850 404 2923 Alexander
424 2867 508 2930 papa
529 2845 756 2928 praecepisset.
799 2847 1048 2936 Quumssautem
1070 2876 1126 2930 ea,
1162 2879 1251 2937 quae
1312 2855 1313 2880 ¹

206 2935 298 3018 apud
325 2931 488 2996 Venetiae
517 2932 600 2994 dicta
627 2947 669 2995 et-
686 2933 771 2995 sacta
786 2935 940 3010 ruerant,
973 2937 1014 3002 ad
1041 2938 1252 3020 imperatoris

205 3023 249 3084 ad
277 3018 413 3082 Cloaatn
442 3015 641 3080 demorantis
660 3015 871 3104 ¹audientiam
904 3023 1150 3106 pervenissent,
1187 3049 1250 3094 sua

188 3127 264 3188 *spe
286 3119 320 3169 ct
340 3104 523 3168 intentione
544 3103 727 3176 frustratus,
758 3103 866 3186 coepit
887 3107 929 3171 de
951 3126 1013 3176 suo
1033 3108 1142 3190 rigore
1165 3116 1250 3178 mol·

203 3191 343 3265 lesccre,
372 3203 406 3252 et
427 3187 651 3262 cardinalibus,
674 3188 730 3266 qui
751 3187 795 3256 ibi
818 3207 926 3269 erant,
960 3193 1003 3258 de
1026 3199 1134 3266 verbo
1156 3200 1246 3280 pacis

202 3273 378 3356 benignius
399 3274 610 3356 respondere.
652 3271 872 3338 Cancellarius
895 3297 979 3347 vero
1004 3293 1038 3342 et
1065 3281 1119 3346 alii
1142 3286 1248 3352 eccle.

201 3359 320 3422 siastici
342 3357 510 3440 principes,
533 3357 590 3440 qui
610 3357 698 3440 pacis
719 3363 1038 3438 consummationem
1059 3367 1247 3446 plurimum

201 3441 414 3519 affectabant,
444 3443 562 3534 spiritu¹
576 3441 733 3507 libertatis
755 3459 917 3520 assumto,
944 3447 1134 3528 imperatori
1160 3456 1242 3518 viva

199 3529 296 3591 vo‘cts¹
315 3529 482 3591 dixerunt:
504 3531 621 3608 „bene
643 3529 743 3594 debet
763 3528 939 3610 imperialis
966 3534 1118 3616 majestas
1152 3562 1246 3606 teco-
1311 3555 1312 3558 ’

196 3611 284 3686 lere,
315 3616 406 3693 quod
429 3613 563 3700 quidam
586 3635 606 3678 e
628 3613 744 3692 nostris
769 3633 812 3676 ex
833 3619 989 3682 mandato
1011 3617 1244 3690 vestro-Ana·
1311 3659 1312 3672 κ

196 3697 308 3779 gniam
329 3699 539 3773 accedentes,
569 3717 648 3762 cum
668 3697 866 3764 Alexandro
895 3719 981 3784 papa
1007 3704 1053 3768 de
1080 3726 1168 3788 poce
1192 3733 1243 3774 ec·

132 3835 139 3858 χ
194 3779 332 3859 clesiaa,
364 3797 397 3845 et
416 3781 562 3865 imperii,
594 3784 638 3846 de
659 3803 740 3864 pace
761 3783 855 3866 tegis
870 3787 1000 3854 Siciliae
1021 3803 1057 3854 et
1075 3793 1241 3862 Lombar·

114 3903 118 3910 -
194 3866 315 3930 dorum
335 3881 502 3930 tractatum
520 3867 710 3949 habuimus.
728 3869 786 3932 ,Εῑ
803 3889 886 3955 ipse,
903 3889 1019 3954 utpote
1030 3876 1242 3958 virsanetus,

192 3949 280 4032 pacis
309 3951 451 4039 cupidus
470 3959 517 4020 'et
546 3967 689 4036 amator,
715 3969 829 4032 ocsus
850 3957 1002 4028 ‘consilio
1018 3967 1071 4040 xet
1099 3965 1241 4032 hortatu

441 4087 443 4092 ·
1102 4077 1107 4086 ¹
1142 4054 1241 4118 Cam·
