2628 4748
47 550 196 638 appareat,
224 517 404 602 enitescere
419 533 497 598 ιιὸιι
494 499 672 640 cupiunt.
706 531 857 622 Aeque
861 554 972 608 tamen
998 557 1070 604 om«
1130 544 1133 550 '
1172 521 1187 542 ⁰
1238 494 1255 572 „⁸

47 650 107 695 nes
119 625 203 690 vitae
225 634 264 688 et-
280 620 497 684 conscientiae
512 615 692 706 puritate,
705 645 742 686 ac
763 627 975 690 sanctimonia
997 647 1071 691 coca

47 713 119 786 lesti,
126 711 227 799 etiarn
240 706 464 788 angelicarum
476 712 565 770 terris
577 710 680 770 vitam
690 711 825 791 degunt.
848 709 1070 777 commanent

48 817 157 868 autem,
177 813 232 854 cor
252 812 357 853 unum
381 803 413 854 et
435 787 576 853 animam
598 813 699 855 unam
717 795 915 871 habentes,
907 815 942 858 ιιι
963 815 1073 875 unum

48 887 77 947 in
97 873 269 954 coenobiis,
291 877 347 940 vel
368 876 530 950 ιιιιειιίι;
550 897 704 940 somnum
723 879 820 944 simul
837 877 978 964 capiunt,
994 897 1073 944 una-

46 965 183 1030 nimiter
186 967 229 1024 ad
250 963 433 1024 orationem
449 979 607 1044 surgunt,
641 965 676 1024 in
698 983 771 1026 sana
799 965 900 1026 domo
923 965 1071 1032 reficiun-

47 1069 105 1125 tun
124 1047 240 1130 pariter
262 1047 399 1109 orationi
422 1059 454 1108 et
471 1044 614 1122 lectioni,
636 1050 807 1130 operique,
830 1049 883 1112 die
901 1069 1070 1129 noctuque
1140 1094 1145 1102 -

48 1140 87 1202 ita
105 1133 267 1198 indelessa
288 1132 481 1194 incumbunt
502 1131 679 1214 vigilantia,
702 1148 738 1196 ut
756 1135 979 1232 exceptoallo
1001 1155 1070 1214 quo
1208 1141 1212 1152 ’

47 1222 136 1286 lassa
133 1217 239 1298 quieti
257 1219 414 1288 membra,
437 1214 554 1278 vilibus
577 1232 611 1280 et
627 1217 781 1280 vimineis
798 1220 989 1294 stramentis,
1011 1237 1072 1282 seu

48 1327 115 1389 sago
121 1303 267 1368 tradunt
288 1314 469 1370 momento,
500 1301 634 1379 aliquod
656 1301 809 1364 horarum
832 1303 977 1402 spacium
1000 1304 1079 1402 ιιιιὸΙ

49 1391 149 1456 divina
176 1383 394 1485 occupatione
420 1385 512 1448 nefas
546 1385 738 1451 arbitrentur
770 1389 959 1464 effluere,
950 1411 984 1450 m
1006 1385 1079 1450 tan·'
1136 1456 1140 1472 ‚

49 1487 117 1547 ιιιιιι,
145 1485 182 1534 ιι
202 1471 240 1533 in
262 1471 330 1570 ip‘sa
357 1457 494 1532 riaturali
522 1470 702 1536 refectione
732 1470 864 1535 divinae
896 1473 1073 1554 scripturae

45 1560 152 1642 jugiter
172 1555 309 1631 intenti,
329 1553 476 1638 spiritum
496 1552 611 1618 malint
631 1557 794 1652 sagittare,
823 1579 922 1638 quam
944 1577 1074 1656 corpus.
1118 1557 1121 1566 '

47 1643 218 1710 Abstinent
247 1662 328 1704 vero
356 1658 473 1702 omnes
501 1641 719 1706 communiter
746 1661 766 1704 a
794 1643 953 1708 carnibus.
1001 1639 1076 1708 Alii

48 1746 147 1792 autem
167 1728 207 1794 ab
233 1725 386 1790 omnibus
407 1717 645 1788 delicatioribus
667 1725 763 1803 cibis,
794 1727 943 1810 vinoque
964 1747 1001 1794 se
1024 1749 1080 1790 coe

48 1816 234 1890 hibentes,
248 1809 417 1893 legumine
451 1809 616 1872 interdum
650 1831 727 1873 cum
762 1833 849 1894 pane
876 1827 1014 1876 utuntur
1028 1825 1077 1882 ec
1170 1865 1173 1874 ,

50 1919 134 1978 ua.
177 1895 272 1984 Quid
304 1897 345 1958 de
378 1893 580 1958 coelibatu
570 1913 717 1976 ipsorum
745 1899 875 1962 deame
913 1901 999 1962 Cum
1031 1891 1095 1962 ita
1162 1963 1165 1978 ,

50 1993 256 2048 communem
276 1995 310 2046 et
329 1980 488 2050 indultam
517 1979 663 2042 humano
691 1981 804 2062 generi
823 1982 1012 2064 nuptiarum
1033 1984 1079 2046 le-

48 2089 114 2151 gem
137 2061 411 2140 transcenderint,
442 2078 480 2125 ut
509 2063 642 2144 quidam
671 2085 713 2128 ex
740 2067 786 2131 eis
809 2089 877 2128 non
900 2068 1039 2130 solnm
1017 2087 1078 2135 m·
1133 2109 1137 2118 ,

47 2171 130 2243 terna
155 2154 215 2218 sed
241 2166 274 2216 et
295 2166 430 2214 externa
458 2149 604 2226 claustra,
627 2165 714 2212 tanta
736 2172 813 2220 cunt
835 2152 1000 2235 diligentia
1022 2153 1079 2217 ob
1184 2223 1186 2230 Α
1216 2215 1219 2230 ,

49 2253 181 2312 servent,
203 2237 297 2318 qnod
319 2235 400 2297 nulli
421 2255 568 2314 unquam
590 2233 733 2314 qualibet
750 2237 791 2302 de
809 2257 915 2312 causa,
937 2241 996 2302 sed
1013 2257 1078 2302 nec
1141 2246 1149 2296 ¹,
1255 2243 1260 2255 ⁴

49 2323 191 2386 orationis
214 2324 355 2386 obtentu
384 2319 571 2380 introeundi
593 2320 696 2381 aditus
718 2337 825 2401 pateat
845 2321 1141 2396 foeminarums

50 2409 206 2470 Omnibus
240 2406 341 2470 enim
359 2387 564 2468 diversorum
593 2403 759 2484 opificum
776 2403 931 2482 officinis,
966 2396 1001 2473 id
1028 2403 1085 2470 ιιι
1146 2423 1149 2430 ’

49 2493 218 2580 pistorum,
251 2492 434 2562 fabrorumt,
461 2502 641 2564 textorum,
668 2489 888 2572 alidrumque,
921 2513 966 2556 ne
992 2492 1123 2558 foras

48 2579 127 2640 nllus
155 2595 275 2644 eorum
306 2567 468 2669 evagandi
497 2571 718 2638 occasionem
725 2575 859 2651 habeat,
889 2576 976 2640 intro
996 2575 1082 2676 posi·

52 2661 94 2738 tir,
111 2661 240 2742 hisque
256 2658 490 2725 studiosissime
513 2658 630 2762 septis,
655 2673 745 2740 porta
768 2661 803 2723 in
825 2661 977 2728 exteriori
999 2659 1085 2724 atrio
1175 2739 1178 2746 Ι
1208 2729 1211 2736 ,

50 2748 148 2830 posita
169 2765 230 2822 est,
253 2746 323 2808 ubi
331 2743 499 2842 religiosus
522 2757 556 2806 et
572 2738 739 2808 timoratus
760 2746 887 2810 frater
875 2747 996 2828 jugiter
1015 2765 1088 2810 mas

50 2851 135 2912 nens,
159 2851 279 2895 omnes
301 2829 574 2910 supervenientes
595 2825 779 2912 hospites,
769 2830 980 2928 peregrinos,
1004 2851 1087 2913 pau
1092 2833 1094 2843 '
1134 2865 1136 2870 ·

50 2935 148 2996 peres,
178 2916 325 2982 alacriter
346 2932 379 2978 et
400 2913 560 2996 benigne,
592 2927 747 2994 tanquam
768 2916 876 3013 ipsum
906 2916 1083 2994 Christum,

51 3001 236 3083 suscipiens,
257 3001 363 3084 primo
386 3001 427 3062 ad
449 2997 624 3060 oratorium
646 2999 789 3077 ductis,'
774 3021 826 3146 ιιι
837 3001 953 3064 cellam
976 3001 1085 3099 hospi·

50 3087 142 3148 talem
168 3087 247 3150 lotis
274 3101 348 3150 ante
377 3103 491 3148 eorum
520 3084 678 3164 pedibus,
710 3093 748 3162 ac
797 3083 896 3150 eiride
928 3085 1083 3148 omnibus

51 3167 254 3251 humanitatis
284 3170 397 3234 officiis
425 3171 548 3234 devote
576 3157 726 3232 exhibitis
754 3171 902 3234 collocat.
945 3171 995 3244 At
1013 3171 1033 3232 f
1030 3191 1084 3252 qe·

50 3255 144 3332 mina,
173 3255 201 3319 si
224 3253 474 3330 exhortationis,
502 3273 562 3316 seu
583 3255 713 3318 alterius
736 3253 834 3316 officii
856 3273 953 3320 causa
973 3277 1087 3337 super-
1172 3254 1174 3270 “

52 3340 189 3438 venerit,
220 3357 311 3404 extra
333 3337 510 3414 dimittitur,
537 3359 613 3401 eam
632 3339 819 3412 monasterii
840 3355 935 3424 pater
951 3343 1008 3406 vel
1030 3339 1092 3406 alis

52 3424 117 3501 quis
135 3447 179 3492 ex
195 3426 356 3501 fratribus,
377 3445 446 3488 non
467 3424 502 3486 in
524 3425 638 3499 domo,
657 3445 720 3488 nec
742 3425 849 3504 solus,
874 3427 935 3488 sed
955 3429 1016 3490 cub
1040 3425 1084 3490 di

51 3510 112 3570 vali
145 3525 180 3576 et
206 3511 331 3592 patenti
359 3511 450 3584 locu,
490 3509 597 3572 solum
626 3524 659 3573 et
679 3529 787 3574 rarum
807 3525 930 3572 rectum
951 3525 1085 3610 propter

49 3593 173 3690 pluvias
197 3595 341 3671 habenti,
372 3593 555 3674 alloquitur.
597 3589 675 3668 Alii
691 3615 788 3669 veto,
811 3593 886 3658 etsi
893 3615 949 3676 eas
971 3598 1095 3660 oratioe

48 3677 109 3738 ιιι
117 3679 217 3762 gratia
241 3683 280 3744 ab
299 3679 438 3746 oratorio
457 3700 527 3742 non
544 3680 723 3756 secludant,
745 3679 814 3742 ad
805 3679 958 3746 interiora
971 3686 1095 3745 lamen·

49 3759 200 3826 fratrum
212 3765 426 3847 receptacula
448 3763 582 3828 introire
613 3779 684 3828 non
715 3765 916 3847 permittunt
980 3768 1086 3830 Porro

47 3847 167 3941 seipsos
192 3864 280 3914 tanta
301 3848 506 3922 solicitudine
520 3849 727 3922 custodiunt
744 3853 872 3914 utnon
894 3853 1012 3914 solum
1020 3871 1096 3918 tna:
1169 3917 1190 3943 >-

45 3925 113 4010 jota
134 3933 266 4006 delicta
271 3935 482 4042 abhorreant,
502 3935 562 4005 scd
584 3939 658 4002 eta
673 3934 836 4017 minimis.
838 3955 888 4002 ac
896 3921 1096 4020 levissima*

514 4069 517 4072 -
1036 4035 1113 4101 et„
