2628 4748
103 393 128 568 μ’
214 430 292 529 apl

214 630 286 682 nnn
306 611 379 694 titre
399 613 503 678 mtrlta
522 569 762 694 lachrymarum
786 553 965 688 eliminate,
994 609 1161 694 corporeis
1178 631 1248 676 ocu

212 701 253 766 lis
281 701 527 784 insperserunt.⁴
571 699 656 760 Sane
685 715 748 758 nos
776 693 997 760 infirmitatem
1026 713 1185 773 nostram,
1219 714 1268 764 ct'

176 803 179 810 ·
212 787 371 850 virtutum
391 783 608 885 indigentiam
629 795 876 866 cognoscentes,
897 781 1105 928 npstrglibnm
1069 783 1249 848 Dominum

189 905 198 930 t
297 893 328 933 m
487 893 505 933 a
543 889 575 930 ιιι
633 881 800 932 serantes
852 881 887 928 et
937 887 958 932 e
1041 887 1108 928 rtst
1136 889 1249 932 misen

209 871 485 1042 lircitiiauitleiiiigri
507 875 741 1055 tiirniicleiites,
778 911 891 1035 qtiotl
904 864 1250 1027 ecclesiamts'anctanl

149 1049 159 1062 '
211 1053 322 1122 suam,
356 1065 417 1126 pro
439 1063 508 1123 que
531 1041 603 1124 ipsa
620 1035 741 1102 itlem
732 1057 767 1100 ιιι
789 1037 966 1101 substantia
987 1052 1118 1102 nostrae
1139 1047 1250 1102 morta·

210 1129 305 1192 litatis
328 1128 491 1212 apparuit,
522 1143 560 1188 ut
582 1145 655 1188 eam
678 1121 739 1183 sibi
760 1143 830 1184 non
851 1121 1029 1190 habentem
1057 1142 1173 1206 rugam
1198 1141 1250 1190 aut

209 1213 373 1283 maculam
390 1211 570 1285 exhiberet,
592 1224 701 1292 optata
716 1205 841 1272 faciet'
832 1229 868 1270 ιιι
885 1200 1114 1291 tranquillitate
1131 1211 1250 1286 laetari,

209 1313 244 1362 et
266 1299 486 1398 procellarum
508 1295 657 1384 omnium
681 1291 899 1358 inundatione
922 1297 1057 1370 sedate,
1075 1295 1159 1362 nihil
1179 1296 1249 1371 erit,

114 1383 119 1404 ⁸
148 1419 150 1424 ·
211 1384 335 1464 quod
322 1405 391 1466 jam
413 1404 453 1448 ea
475 1381 575 1464 possit
581 1377 770 1454 obsistere,
800 1378 856 1440 ubi
878 1380 1004 1442 unicus
1017 1379 1088 1461 ejus
1110 1399 1248 1464 sponsus

208 1469 353 1532 voluerit
372 1467 525 1530 nubilosa
547 1485 701 1546 quaeque
723 1479 770 1530 et
777 1463 877 1527 nussia
899 1467 1100 1548 propulsare.
1153 1469 1248 1530 Nunc

115 1594 118 1602 ,
208 1551 399 1636 igiturquia
419 1571 482 1615 nos
504 1554 546 1614 de
568 1561 754 1613 nostrorum
777 1551 982 1612 meritorum
992 1550 1145 1632 qualitate
1166 1553 1247 1614 diffi-
1274 1571 1277 1574 ·

172 1690 175 1700 ,
209 1641 334 1713 dimus,
357 1639 454 1706 etde
476 1637 648 1700 honestate
672 1651 717 1698 et
725 1633 885 1717 religione
906 1650 1014 1703 vestre
1041 1637 1176 1718 plenam
1197 1639 1247 1700 ha

154 1725 326 1786 bemus
348 1723 512 1796 fiduciam,
536 1721 650 1805 vestris
679 1735 713 1784 et
740 1721 933 1784 universalis
964 1721 1137 1786 ecclesiae
1150 1721 1246 1806 preci·

149 1831 150 1838 ¹
206 1811 279 1882 bus,
302 1807 522 1871 infirmitatem
545 1821 687 1870 nostram
700 1805 858 1904 Upetimus
875 1806 1038 1888 adjuvari·
1060 1807 1245 1873 charitatem
1281 1815 1287 1825 “

206 1909 349 1978 vestrm
370 1891 431 1992 'per
452 1891 628 1974 apostolica
649 1890 765 1971 scripta
786 1907 952 1974 rogantes,
982 1907 1016 1955 et
1035 1901 1245 1956 communen·

205 1993 254 2040 tes
277 1977 439 2076 attentius,
461 1993 497 2038 ut
519 1977 601 2038 sicut
623 1974 694 2038 viri
709 1976 870 2052 catholici,
892 1995 953 2060 vos
974 1995 1035 2058 pro
1058 1979 1164 2040 domo
1181 1982 1244 2042 Do·

158 2104 173 2114 ι.
205 2047 287 2126 mini
315 2081 426 2124 muros
448 2059 719 2143 inexpugnabiles
743 2061 925 2159 opponatis,
954 2078 988 2125 et
1009 2062 1042 2124 in
1066 2064 1243 2130 devotione

206 2163 250 2214 no
265 2146 420 2210 fidelitate
438 2148 547 2211 matris
566 2162 704 2219 vestrae,
727 2151 946 2210 sacrosanctie
960 2151 1134 2217 Romanae
1148 2147 1243 2214 eccle·

203 2233 270 2296 siae
288 2231 500 2294 immobiliter
517 2228 736 2314 persistentes,
758 2233 797 2293 ab
820 2233 893 2312 ejus
914 2233 1035 2295 unitate
1059 2235 1242 2298 nullatenus

202 2310 372 2382 recedatis.
416 2317 518 2416 Quod
548 2315 574 2378 si
596 2315 773 2404 praefatus
792 2315 844 2379 vir
870 2315 1053 2415 impietatis,
1076 2320 1118 2380 ad
1137 2335 1242 2420 partes

137 2450 141 2464 .
203 2417 327 2468 vestras
348 2402 467 2482 aliqua
493 2399 717 2462 damnationis
754 2415 862 2465 suae
853 2403 993 2502 scripta
1024 2404 1241 2494 transmiserit,

202 2498 260 2564 etl,
289 2488 371 2550 sicut
391 2488 578 2570 respuenda
599 2500 692 2562 sunt,
719 2485 896 2570 respuatis,
925 2503 959 2550 et
980 2483 1136 2568 tanqu‘a‘m
1159 2511 1239 2552 vona

201 2593 239 2636 ac
261 2574 417 2660 sacrilega
437 2587 652 2634 contemnere
672 2585 709 2636 et
731 2573 870 2654 abjicere
893 2572 1058 2636 studeatis.
1101 2573 1242 2644 Noverit

101 2665 128 2721 '.
199 2651 336 2738 insuper
363 2652 513 2721 discretio
543 2673 666 2731 vestra,
700 2659 791 2738 quod
819 2679 881 2720 nos
910 2677 1006 2740 supra
1034 2658 1240 2726 nominatum

200 2743 433 2832 Octavianum,
468 2743 680 2841 apostaticum
710 2756 744 2804 et
772 2743 1067 2842 solimannum,
1044 2765 1092 2806 tn
1122 2753 1239 2808 octav'o

160 2877 163 2894 ι
198 2825 275 2892 uic
280 2847 299 2890 a
330 2827 576 2891 consectatione
605 2841 715 2890 nostra
744 2828 855 2905 (huno
884 2828 974 2892 enim
1003 2829 1183 2892 terminum
1210 2827 1241 2894 ei

197 2913 411 3012 resipiscendi
442 2929 500 2976 et
493 2911 544 2974 ad
575 2913 732 2976 unitatem
761 2913 871 2976 masiis
895 2910 1053 2980 ecclesiae
1075 2915 1243 2986 redeundi

168 2998 423 3081 praefiximus)
459 3011 615 3078 tanquam
649 2997 904 3066 inobedientem
936 3013 970 3062 et
997 3013 1239 3076 contumacem,

197 3099 230 3147 et
251 3085 334 3183 illqs,
356 3083 417 3184 qui
439 3083 470 3146 ei
492 3103 608 3145 manus
631 3100 888 3181 praesumerent,
911 3103 981 3146 non
1003 3083 1143 3150 dicimus
1167 3105 1239 3148 con·

133 3184 156 3257 '¹
196 3169 400 3246 secretionis,
428 3169 487 3232 sed
510 3169 734 3242 execrationis,
756 3169 951 3249 imponere,
974 3185 1007 3234 et
1028 3169 1072 3233 de
1093 3190 1239 3261 commu·

142 3258 148 3276 ‘
194 3253 230 3314 ni
250 3255 385 3320 stonum
407 3269 594 3317 nostrorum
617 3253 855 3336 episcoporum
876 3271 911 3318 et
938 3252 1155 3336 cardinalium
1184 3253 1239 3320 vo·

193 3339 318 3428 luntete
340 3355 440 3419 atque
462 3339 616 3444 consilio,
645 3338 789 3402 accensis
812 3340 973 3414 candelis,
1001 3354 1034 3404 et
1056 3357 1167 3440 coetu·
1179 3341 1238 3404 clc·
