2628 4748
136 1362 143 1371 ,
232 1316 327 1364 'ante
343 1299 459 1362 urbem
478 1297 728 1366 cistrameutus,
749 1288 915 1354 machinas
937 1307 1036 1373 parat,
1058 1311 1160 1358 crates
1180 1297 1259 1378 erigit,

251 351 327 438 nst

189 535 193 554 '
253 535 362 613 diunt,
391 529 595 613 erimpetrat
616 527 841 611 implorabunt
869 537 988 594 vocato
1010 525 1099 592 enim
1121 527 1258 610 siracono,

253 623 345 702 cujus
367 619 495 699 saepius
518 617 655 680 fecimus
677 612 892 686 mentionem,
915 627 1039 692 partem
1062 617 1221 690 exercitus,
1237 636 1260 682 et
1291 671 1292 676 ,

251 705 411 768 nobilium
441 721 574 766 suorum
605 714 729 782 partem
751 717 820 760 non
843 697 1016 772 tn'odicam,
1030 715 1122 760 'tum
1143 704 1259 782 satrapis,

252 791 308 871 qui
330 797 455 871 partem
476 785 716 854 sollicitudinis·
729 795 911 866 portarent,
940 783 1048 844 tradit:
1082 787 1258 868 sumptisque

252 875 412 942 alimentis
435 874 475 934 ad
498 872 557 936 iter
578 869 777 946 necessariis,
801 881 836 930 et
857 867 999 941 camelis,
1022 871 1063 930 ad
1085 871 1260 942 devehenda

167 979 177 990 “
249 981 351 1024 onera
373 957 620 1028 sufficientibus,
641 973 699 1018 eos
721 953 756 1014 in
778 951 972 1032 Aegyptum
994 951 1112 1035 dirigit.
1145 955 1259 1020 Retin-

251 1047 347 1112 terim
369 1052 485 1108 eversa
507 1041 659 1113 Pelusio,
681 1059 757 1100 cum
779 1037 944 1100 universis
964 1037 1148 1119 agminibus
1168 1063 1258 1106 versus

165 1181 168 1198 .
251 1131 378 1195 cahere
407 1127 557 1190 cobortes
585 1123 707 1206 dirigit,
740 1123 798 1186 sed
826 1121 918 1208 lento
946 1125 1044 1185 nimis
1076 1127 1191 1206 gradu,
1218 1129 1258 1188 vir
1292 1159 1293 1166 κ

190 1214 193 1222 ’
250 1217 348 1280 unius
375 1213 436 1278 iter
464 1210 676 1274 diei·decem
706 1207 821 1272 diebus
855 1205 1049 1282 conficiente
1086 1212 1259 1290 tandemque

250 1398 282 1450 et
304 1397 431 1457 caetera
459 1381 500 1444 ad
527 1379 606 1442 tales
628 1395 706 1440 usus
727 1377 896 1458 profutura
918 1377 1071 1457 disponit.
1108 1381 1258 1455 Videntur,
1292 1401 1293 1414 ¹

201 1519 204 1537 ,
250 1489 337 1550 quie
353 1467 435 1532 foris
457 1479 647 1538 struuntttr,··
655 1459 843 1542 promittere
866 1463 1009 1542 impetus
1032 1464 1179 1544 proxime
1197 1468 1259 1528 lutu-

247 1576 311 1628 ros,
334 1569 368 1617 et
389 1554 529 1616 obsessis
551 1545 939 1621 incuterelormidinem,
960 1561 994 1610 et
1014 1551 1177 1628 quandam
1197 1572 1258 1612 mor-

248 1641 286 1706 tis
308 1635 485 1718 imaginem
507 1634 677 1700 intentare.
720 1629 788 1718 Qui
816 1632 1028 1700 autem.facti
1055 1633 1142 1696 illius
1169 1657 1258 1698 arcam

247 1739 379 1797 norunt,
401 1714 498 1800 hujus
521 1738 633 1780 ntorae
655 1735 785 1778 causam
807 1713 908 1778 luisse
929 1735 1086 1796 asserunt,
1111 1723 1196 1800 quod
1211 1722 1258 1786 Sol·

247 1813 352 1872 danus
380 1807 505 1868 interea
535 1799 928 1866 advenientis'rexereitus
950 1804 1074 1866 terrore
1087 1824 1258 1880 ,concussus

182 1914 188 1924 ·
247 1890 440 1976 prolixiores
469 1884 838 1954 deliberandi-haberet
864 1885 1026 1961 inducias,
1059 1903 1095 1952 et
1115 1904 1173 1970 pro
1192 1911 1257 1952 amo·

249 1977 360 2042 vendo
384 1969 724 2052 exercitnpecuniam
746 1969 975 2049 pacisceretur:
1004 1986 1070 2056 tota
1093 1975 1182 2035 enirn
1200 1975 1258 2035 illuc

246 2060 441 2142 properabat
460 2055 545 2138 regis
568 2053 717 2127 intentio,
739 2068 804 2114 uta
816 2055 1153 2135 Soldanmpecuniam
1169 2078 1257 2120 emun-
1293 2079 1294 2126 l

215 2157 353 2225 ,geretz
386 2141 528 2206 malebat
556 2141 648 2202 enim
674 2135 787 2218 precio
812 2140 1002 2218 redemptus
1035 2143 1143 2217 abire,
1180 2163 1256 2222 quan

244 2231 342 2292 urbes
364 2223 455 2300 illas,
468 2225 551 2289 sicut
573 2227 616 2286 de
638 2220 773 2287 Pelusio
796 2223 983 2304 contigerat,
1005 2227 1257 2306 popularibusad

157 2385 161 2395 ¹
244 2316 392 2394 rapinam
414 2317 594 2391 ertpdnere,
615 2306 701 2383 sicut
718 2307 918 2382 manifestius
939 2307 1023 2370 infra
1043 2311 1178 2382 dicetur.
1208 2313 1256 2388 Sol·

213 2397 348 2468 ,danus
377 2415 459 2458 vero
487 2395 612 2458 interea
639 2411 699 2472 per
724 2405 802 2454 suos
827 2406 860 2454 et
887 2393 971 2473 regis
997 2394 1171 2460 familiares
1190 2417 1257 2478 prae-

188 2487 189 2496 ’
243 2497 346 2546 tentat
367 2480 507 2552 aditum,
529 2497 663 2540 omnem
685 2477 834 2557 explorat
855 2473 1057 2544 subintrandi
1080 2481 1182 2549 viam:
1209 2498 1257 2544 tan·

237 2570 322 2632 'dem
337 2565 436 2651 ¹regis
465 2563 610 2626 animum
633 2559 846 2642 pecuniarum
866 2561 1032 2644 cupidum,
1057 2565 1256 2646 promissioni·

241 2651 304 2722 bus
333 2662 485 2742 enerues,
517 2647 676 2712 infinitam
704 2647 845 2730 spondet
873 2647 1064 2727 pecuniam,
1101 2671 1194 2731 quam
1212 2653 1256 2714 vix

192 2747 195 2757 '
242 2737 437 2800 universum
458 2753 608 2814 regnum,
630 2731 771 2798 corrasis·
785 2730 932 2811 undique
954 2733 1070 2814 copiis,¹
1090 2738 1255 2816 persolvere
1294 2735 1295 2818 l

241 2835 362 2906 posset.
405 2815 568 2884 Protnittit
590 2819 696 2886 enim,
732 2829 769 2878 ut
790 2816 896 2896 ajunt,
931 2831 1109 2883 aureorum
1137 2820 1254 2904 vigesies

241 2923 380 2972 centena
402 2901 517 2976 millia,
540 2917 575 2964 ut
595 2898 728 2966 redditis
750 2902 810 2964 sibi
826 2901 898 2964 ¹lilio
922 2922 959 2968 ac
980 2919 1123 2986 nepote,
1151 2907 1254 2968 amotis·

171 3038 174 3048 .
240 3013 308 3074 que
334 2987 611 3070 expeditionibus,
642 2985 762 3053 rediret
788 2987 829 3050 ad
857 2987 996 3068 propria.
1046 2990 1129 3053 Hoc
1156 3006 1253 3064 autem,

188 3069 191 3083 ’
240 3091 277 3140 ut
304 3090 418 3157 postea
444 3075 563 3154 patuit,
595 3092 735 3134 noneo
764 3069 959 3148 moliebatur
979 3073 1118 3150 intuitu,
1149 3092 1254 3158 utpro·

229 3150 414 3231 ,missorum
443 3177 607 3232 summam
634 3175 708 3236 spes
738 3157 823 3244 esset
852 3155 1192 3238 aliquandosolutum
1211 3159 1252 3221 iri:

239 3248 299 3310 sed
328 3242 507 3310 nerisubito
537 3241 670 3304 incursu
698 3243 857 3306 accedens
878 3244 926 3324 'ad
956 3241 1102 3320 Cabere,
1142 3243 1253 3327 impara·
1293 3313 1295 3320 ,

136 3369 140 3374 -
166 3404 168 3412 y
231 3345 308 3392 ‘tum
329 3327 609 3406 immunitumque
630 3325 816 3407 reperiens,
837 3328 1020 3408 repentinis·
1040 3329 1251 3412 irruptionibus

237 3416 455 3496 expugnaret,
484 3414 576 3490 quod
597 3411 830 3492 proculdubio,
852 3427 889 3474 ut
910 3429 1103 3478 constanter·
1117 3431 1252 3488 asserum,

237 3502 294 3578 qui
315 3498 546 3570 interfuerunt,
569 3495 604 3558 si
617 3493 718 3560 citatis
735 3495 907 3561 itineribus
930 3501 1193 3581 captalPelusio,
1213 3501 1252 3562 de·

173 3610 178 3630 i
233 3581 327 3665 jectis
349 3581 456 3656 adhuc
481 3595 516 3646 et
549 3581 684 3664 stupidis
713 3602 733 3644 a
759 3575 882 3646 recenti
908 3581 1018 3665 clade,
1051 3601 1084 3648 et
1111 3579 1252 3668 insperata

111 3739 117 3752 Ι
147 3709 163 3730 ,
191 3723 193 3726 .
236 3663 454 3733 tantae‘urbis
476 3667 671 3743 salernitate,
692 3665 937 3749 Aegyptiorum
958 3665 1093 3746 animis,
1118 3672 1191 3734 illuc
1210 3690 1252 3730 no

113 3819 125 3838 ‚
233 3765 301 3828 ster
321 3750 526 3834 pervenisset
543 3752 719 3828 exercitus,
741 3751 918 3818 accidisset.
970 3753 1162 3820 Verisimile
1178 3754 1252 3818 eninr

227 3839 376 3916 ridetur,
401 3837 492 3916 quod
514 3836 575 3911 viti
596 3837 714 3915 molles
736 3851 778 3902 et>
791 3836 1005 3912 effoeminati,
1026 3838 1252 3904 deliciisamul·

73 3978 77 3997 ,
235 3937 270 4008 to
290 3939 383 3992 retro.
399 3935 556 4004 tempore·
568 3921 682 3998 dediti.
700 3943 812 3989 rerum
832 3911 1018 4000 militarium
1037 3922 1253 4074 exportenhad·

161 4037 164 4041 .
378 4023 381 4028 s
516 4053 520 4074 Ι
659 4049 668 4058 ἢ
1076 4057 1080 4064 ι
1221 4025 1253 4073 u,
