2682 4756
1062 424 1137 500 ¹9⁷
1162 468 1165 474 μ
1208 363 1210 413 ἶ

97 579 357 652 uansreud'ebatr
399 603 490 660 nunc
522 582 594 660 his,
624 603 716 648 nunc
747 579 811 648 illis
842 603 972 650 novum
1003 581 1132 650 virmtis
1206 655 1210 662 ,
1292 589 1296 600 “

95 671 321 754 spectaculum.
362 660 416 732 Ex
445 685 530 734 tunc
552 685 801 778 prreceptorum
828 670 898 738 Dei
919 671 1067 749 sedulus
1077 691 1131 744 au·
1171 698 1173 706 ’

85 759 182 833 ditor,
207 765 420 838 summopere
449 755 637 829 studebat,
652 766 690 818 et
699 747 828 818 'audita
855 755 1066 854 recolligere,
1090 769 1133 820 et
1181 765 1214 786 ’“

95 856 246 924 quantum
266 839 475 922 permittebat
496 857 698 904 coaevorum
716 839 935 916 conversatio,
951 839 1129 908 recollecta

93 927 242 1024 implere,
272 923 402 990 'nemini
423 925 613 998 detrahere,
630 925 737 990 etiam
754 945 835 988 cum
858 923 919 988 sibi
941 925 1130 1024 detraheba-

92 1029 147 1088 tur,
168 1009 406 1092 dignabatur.
397 1031 501 1080 immo
514 1003 668 1074 'hosticae
690 1007 885 1084 strenuitatis
906 1031 1037 1092 praeco,
1059 1007 1129 1093 aje-
1193 1011 1195 1016 ’

82 1099 150 1174 bat,
175 1095 308 1176 hostem
333 1094 636 1172 tenerenturne,
667 1115 738 1158 non
759 1097 959 1162 rodendum
1013 1097 1068 1160 De
1091 1095 1151 1162 ιε’
1235 1133 1239 1148 .

21 1215 22 1218 “
90 1182 154 1264 ipse
173 1179 258 1244 nihil
279 1181 407 1256 dicere,
430 1196 462 1244 at
484 1178 548 1244 dici
570 1180 795 1248 insatiabiliter
816 1179 962 1248 sitiebatr-
985 1181 1127 1264 proinde
1149 1187 1158 1225 ν’
1219 1213 1223 1221 -

31 1314 36 1349 ‚
89 1283 215 1330 somnos
240 1263 371 1353 vigiliis,
394 1265 540 1347 quietem
561 1265 684 1340 labori,
700 1266 885 1334 satietatem
891 1265 996 1364 „fami
1019 1265 1147 1332 otium

90 1351 198 1425 studio,
221 1365 392 1432 postremo
415 1350 582 1434 superflua
604 1351 716 1413 omnia
737 1349 927 1434 necessariis
949 1353 1126 1447 postpone·

89 1439 146 1500 bat.
185 1437 268 1500 Sola
287 1450 356 1503 erat
376 1435 481 1510 laudis
504 1435 616 1518 gloria,
637 1456 724 1516 quae
743 1436 878 1516 juvenis
895 1443 1044 1500 mentem
1061 1431 1126 1536 agi:
1147 1453 1162 1505 ·,

89 1535 169 1597 taret,
187 1521 284 1604 cujus
303 1521 512 1601 quotidianos
525 1522 703 1590 mercando
721 1521 850 1594 ιίιιιΙοιι
871 1521 1002 1586 facilem
1020 1518 1125 1588 crebri

86 1607 233 1670 vulneris
263 1605 404 1672 ducebat
431 1605 608 1688 jacturamr
644 1626 755 1704 eoque
785 1627 850 1683 neo
881 1627 942 1669 suo
974 1607 1127 1706 parcebat

75 1687 243 1774 sanguini,
263 1712 327 1756 nec
348 1687 476 1764 hosati,
503 1691 731 1774 disputabat
708 1713 745 1754 ιιι
767 1691 836 1760 dies
859 1710 974 1756 secum
995 1689 1124 1756 animur

86 1779 267 1860 prudens,
285 1797 402 1858 eaque
424 1777 632 1858 frequentior
661 1797 742 1845 euut
773 1779 951 1878 coquebat‘
969 1773 1125 1852 anxietas,
1203 1787 1206 1794 ·

89 1862 171 1961 quod
190 1859 327 1928 militiae
346 1882 428 1934 suae
450 1863 627 1926 certamina
643 1877 819 1945 praecepto
838 1863 972 1926 videbat
988 1860 1140 1926 obviare.
1284 1845 1288 1851 ⁵

87 1941 279 2010 Dom'inico'r
300 1945 469 2011 Dominus
491 1946 615 2030 quippe
635 1947 803 2012 maxillam
819 1965 1013 2028 percussum
1027 1946 1124 2027 jubet

88 2045 117 2094 et
146 2031 240 2098 aliam
274 2021 459 2114 petatissori
488 2035 672 2115 praeberea
699 2031 812 2098 militia
844 2053 926 2096 varo
958 2030 1123 2106 secularist

18 2163 19 2168 ι
87 2138 144 2180 ιιι
164 2133 305 2201 cognato
327 2115 484 2198 sanguini
506 2137 651 2200 parcere
674 2116 874 2192 Dominus,
902 2115 1045 2180 tunicam
1068 2133 1127 2183 au·

87 2202 197 2266 ferenti
224 2203 370 2266 dandam
398 2221 489 2278 esse,
517 2217 550 2268 et
578 2204 748 2284 penulam,
779 2203 951 2275 admorsu
986 2199 1121 2266 militiae
1194 2205 1197 2221 '

17 2307 20 2312 ’
86 2287 254 2352 necessitas
285 2289 443 2350 ambabus
472 2287 613 2369 spoliato
642 2289 785 2368 reliqua,
821 2307 908 2384 quae
935 2278 1121 2368 supersunt,
1164 2314 1168 2322 =

18 2389 22 2402 ·
86 2392 152 2440 esse
180 2373 372 2440 auferenda.
414 2373 549 2444 Haec
540 2381 651 2453 rtaqu'e
677 2371 926 2472 repugnantia,
938 2369 965 2434 si
986 2372 1121 2451 quando
1174 2387 1175 2391 ¹

87 2455 245 2522 indultum
266 2473 318 2528 est
337 2457 511 2542 indulgere
533 2455 652 2544 quieti,
683 2456 846 2544 sapientis
866 2453 929 2518 viri
952 2455 1123 2520 audaciam

18 2555 19 2558 ’
86 2543 238 2625 sopiebatl
293 2541 345 2606 At
372 2559 548 2626 postquam
575 2536 704 2618 Urbani
732 2563 837 2624 papae
864 2539 1026 2606 sententia
1053 2538 1139 2614 uni„

30 2651 34 2662 ·
86 2629 181 2692 versis
202 2627 465 2694 Christianorum
479 2627 629 2728 gentilia
641 2626 887 2713 expugnaturis,
911 2639 1122 2724 peccatorum

86 2701 230 2777 omnium
250 2713 479 2781 remissionem
502 2711 661 2796 ascripsit.
694 2730 773 2776 tunc
798 2714 939 2778 demum
959 2709 1053 2793 quasi
1074 2729 1123 2774 so·
1226 2737 1234 2754 ¹

17 2847 18 2850 ,
86 2798 139 2880 piti
159 2801 260 2884 prius,
288 2805 479 2899 eriperrecta
506 2816 556 2863 est
577 2799 655 2888 viri
670 2797 861 2873 strenuitas,
893 2797 980 2862 uires
1003 2813 1123 2858 assum·
1161 2869 1164 2878 Ι

59 2899 164 2970 xplac,
186 2883 276 2950 oculi
297 2883 435 2968 aperti,
433 2883 568 2950 audacia
588 2863 768 2966 geminatas
798 2882 886 2965 prius
908 2899 1064 2962 namque,
1085 2893 1123 2944 ut
1150 2891 1157 2904 ’

85 2972 312 3069 praescriptum
335 2985 394 3045 est,
416 2967 545 3034 animus
568 2971 639 3050 ejus
661 2971 697 3032 in
717 2966 846 3032 bivium
867 2971 1038 3033 secabatur
1059 2987 1123 3033 am·

85 3053 213 3137 biguus,
234 3053 339 3118 utrius
360 3069 554 3136 sequeretur
575 3053 729 3138 vestigia:
762 3053 936 3136 evanrJelii,
969 3072 1011 3116 an
1032 3072 1125 3120 muu-

86 3139 136 3203 di?
169 3140 384 3226 Experientia
412 3159 494 3204 vero
524 3156 692 3203 armorum
720 3139 762 3202 ad
784 3117 903 3202 Christi
927 3138 1125 3218 obsequium
1233 3176 1242 3194 ι
1320 3207 1321 3214 J

86 3225 252 3300 revocata,
285 3245 384 3307 supra
405 3225 561 3290 credibile
583 3225 694 3290 virum
717 3221 866 3294 accendit
888 3222 1048 3288 militandi
1070 3222 1127 3286 du·

84 3311 195 3390 plicata
222 3311 375 3376 occasio:
407 3310 514 3392 Igitur
541 3313 616 3374 data
644 3308 844 3380 dommeatui
873 3329 990 3390 opera,
1021 3308 1126 3384 brevi,

87 3415 166 3476 quae
187 3397 372 3461 necessaria
393 3413 480 3472 sunt,
503 3411 613 3479 parata
634 3411 727 3471 sunt,
748 3414 812 3462 nec
833 3413 967 3476 magnas
990 3393 1127 3474 quidem

53 3510 57 3514 ·
86 3501 243 3562 expensas
267 3483 374 3566 coe'git
394 3481 524 3582 homo,
534 3481 650 3562 quiin
670 3501 800 3580 morem
822 3503 841 3546 a
862 3499 967 3564 puero
990 3481 1128 3543 duxerat
1221 3535 1227 3547 ,

86 3585 143 3640 res,
166 3583 345 3647 antequam
366 3569 523 3644 venirent
543 3567 579 3630 in
601 3585 716 3640 suum,
731 3566 765 3628 in
785 3565 841 3646 J'us
863 3565 1032 3632 'traducere
1054 3563 1129 3630 alie·
1182 3637 1188 3652 ‚
1264 3585 1267 3602 ¹

87 3669 180 3714 numa
218 3675 308 3716 arma
335 3667 459 3716 tamem
488 3651 649 3726 militaria,-
675 3651 834 3726 caballos,
868 3652 979 3712 mulos
1006 3664 1040 3716 et
1068 3650 1130 3714 alia
1156 3662 1158 3666 '

79 3733 275 3831 bujurmodi
307 3759 367 3820 pro
402 3737 669 3810 commilitonum
700 3755 835 3807 suorum
868 3755 1012 3805 numero
1045 3737 1167 3810 suifr-

88 3818 210 3888 eieuter
233 3821 368 3960 aptavit.
596 3861 600 3870 ·
762 3861 767 3874 ι
849 3851 851 3866 ·
1219 3833 1226 3850 l

739 3965 755 4011 l

61 4076 85 4144 {l
