2628 4748
276 361 282 370 ‘
361 353 370 386 ι

62 367 67 374 .
119 455 125 486 J
169 401 277 498 ιιι

189 574 327 667 Aquis,
349 600 427 650 eum
441 579 627 648 dominicae
638 579 812 646 medianae
832 522 1111 662 qudragesimae,
1130 581 1307 706 regem

121 735 131 745 ,
205 671 324 818 irrumpi
345 691 382 732 ac
403 670 550 733 coronari
569 669 710 750 jubens,
720 667 813 747 regni
840 666 1031 747 participem
1052 664 1141 748 iegit.
1185 647 1307 728 Ad
1305 713 1307 730 ι

208 777 287 840 prae
312 771 404 818 ictam
434 755 556 818 curiam
576 755 754 824 Hem-icus,
780 750 920 827 idenrioi
950 751 1014 827 (de
1042 769 1111 830 quo
1139 753 1249 830 supra·¹

207 843 334 912 dictum
356 838 427 939 cst)
454 839 654 909 Noricorum
675 837 766 901 ducis
787 815 889 914 iilius,
927 835 983 933 qui
1002 835 1071 916 jam
1092 835 1246 898 adoleve-

66 953 68 964 ·
154 939 157 942 ’
208 943 268 1000 ιιι,
290 925 391 1001 venit,
413 928 565 991 ducatum
587 923 759 1021 Noricum,
780 941 879 1002 quem
897 907 1059 1001 patrituo
1073 941 1144 980 non
1149 917 1247 1000 juste

104 1065 110 1082 ,
210 1011 431 1092 abjudicatum
470 1011 648 1085 asserebat,
690 1009 764 1089 jure
803 1003 1019 1070 haereditario
1056 1023 1246 1084 reposcens.
1307 1063 1308 1070 ,

212 1097 324 1186 Quem
353 1096 515 1178 princeps
529 1095 646 1156 multa·
659 1091 832 1182 prodentia
854 1105 887 1154 et
907 1088 1042 1188 ingenio
1063 1089 1246 1162 inductum,
1307 1077 1308 1110 ¹

210 1198 317 1259 usque
341 1183 382 1242 ιιι
402 1181 543 1246 reditum
565 1195 662 1240 snum
685 1167 909 1260 suspendens,
941 1173 1052 1256 quiete
1075 1191 1249 1254 expectare

78 1273 83 1284 ’
159 1285 164 1292 ’
198 1265 386 1364 persuasio
423 1267 544 1343 ltaque
572 1263 732 1344 hyemalis
761 1261 877 1343 algoris
905 1260 1088 1329 austeritate
1106 1260 1250 1334 detersa,

213 1370 290 1415 oum
318 1350 404 1414 veris
430 1349 592 1429 benigna
598 1347 789 1410 humiditate
811 1367 858 1408 ex
875 1345 997 1417 telluris
1018 1361 1131 1425 partu,
1152 1345 1251 1409 flores

158 1431 162 1442 ’
213 1449 247 1498 st
274 1433 396 1499 herbae
425 1446 689 1514 procrearentur,
723 1449 982 1512 camporumque
1014 1427 1162 1492 viriditas
1193 1431 1253 1492 lae
1308 1469 1309 1514 3

123 1557 137 1572 ·.
213 1515 278 1580 tam
301 1531 405 1582 terrae
426 1519 544 1581 faciem
565 1533 758 1580 monstrans
770 1516 940 1590 arrideret,
961 1508 1152 1578 Gon'radus
1148 1535 1252 1576 rexa
1308 1515 1309 1518 ’

212 1602 339 1668 Norico
363 1621 465 1666 castro
488 1623 563 1664 cum
580 1603 654 1664 suis
663 1601 868 1684 procinctum
891 1615 1043 1671 movens,
1060 1617 1123 1698 per
1140 1601 1253 1664 Danu

213 1687 335 1754 bium
327 1705 445 1761 iturus,
467 1687 669 1768 Ratisponae
689 1707 792 1750 naves
813 1685 1007 1768 ingreditur,
1030 1705 1067 1746 ar
1088 1686 1122 1746 in
1146 1705 1253 1746 ascen·

211 1773 307 1836 sione
328 1771 521 1845 Domini,
511 1794 547 1834 ιιι
569 1771 733 1836 orientali
730 1771 895 1848 marchia,
921 1771 1019 1867 juxta·
1033 1773 1178 1868 burgum
1202 1768 1310 1849 qui

214 1848 389 1922 Αιιιιιιιιιι
411 1871 556 1932 vocatur,
578 1875 678 1919 castra
699 1875 852 1939 ponens,
866 1873 956 1918 suos
965 1853 1024 1934 qui
1040 1853 1109 1936 J‘a'm
1133 1858 1310 1928 adven-1

216 1946 335 2014 tabant,
358 1934 487 2003 duobus
510 1941 691 2006 uentribus
715 1941 829 2040 diebus
853 1939 1047 2022 expectavit.
1090 1942 1187 2003 Inde
1209 1959 1255 2002 us

215 2043 282 2106 que
305 2027 346 2088 ad
369 2027 524 2090 terminos
545 2010 651 2094 ferme
651 2027 764 2126 regni
782 2047 831 2088 sur
822 2025 1043 2108 procedens,
1065 2047 1135 2086 non
1153 2027 1255 2106 louge

180 2129 181 2133 ’
216 2133 237 2176 ιι
256 2109 362 2172 fluvio
382 2111 528 2178 Viscahe
557 2110 762 2175 mansionem
790 2111 926 2185 locavit,
953 2111 1187 2209 celebrataque
1215 2108 1256 2171 ibi

216 2208 335 2260 sancta
340 2197 548 2294 Pentecoste,
571 2215 646 2258 rum
667 2195 828 2260 universis
850 2214 937 2276 perte
955 2193 1056 2276 copiis
1075 2196 1152 2272 suis,
1175 2195 1256 2256 Lita-

216 2279 261 2342 he
284 2281 458 2353 transiens,
480 2280 515 2342 in
538 2281 711 2344 Pannonia
721 2279 977 2354 tentoriaiixit,
1010 2280 1083 2352 aliis
1108 2301 1173 2362 per
1194 2283 1256 2344 Da·
1310 2305 1311 2308 ¹

216 2362 356 2434 nubium
379 2365 622 2448 navigantibus,
652 2365 720 2428 aliis
741 2385 802 2446 per
822 2381 938 2430 terram
962 2366 1127 2434 euntibus.
1175 2368 1257 2427 Tan-

119 2484 124 2494 ·
216 2463 282 2532 tam
305 2465 414 2514 autem
431 2459 512 2532 post
539 2471 575 2514 se
601 2437 860 2514 multitudinem
873 2449 976 2527 traxit,
1004 2465 1097 2514 utet
1117 2451 1255 2512 flumina

215 2522 259 2594 ad
275 2533 510 2618 navigandum,
532 2553 790 2619 camporumque
806 2535 942 2597 latitudo
959 2535 1001 2596 ad
1019 2537 1257 2598 ambulantium

215 2620 275 2690 via
296 2619 446 2694 sufficere
467 2621 651 2684 videreturr
684 2639 786 2700 quem
807 2622 1008 2684 Francorum
1029 2641 1089 2683 rex
1108 2619 1256 2682 Ludovi·
1311 2637 1312 2698 ι

216 2723 292 2777 cus,
321 2723 406 2768 nou
413 2706 517 2768 multo
524 2715 614 2804 ‘post
635 2725 712 2766 cum
735 2703 800 2768 suis
823 2707 1037 2768 subsecutus
1036 2720 1110 2803 est,
1131 2707 1266 2790 ducens·
1311 2733 1312 2740 ι

216 2805 332 2858 aecum
360 2808 404 2854 ex
431 2789 549 2854 uostris
576 2789 839 2872 Lotharingos,
834 2809 987 2869 quorum
1009 2781 1176 2872 principes
1200 2810 1279 2871 seu·

216 2873 386 2956 primores
407 2871 515 2974 eraut,
558 2876 754 2958 Stephanus
774 2873 949 2949 Meteusis,
980 2873 1150 2939 Henricus
1182 2862 1258 2936 Tul

123 3001 126 3008 -
216 2957 318 3022 lensia
341 2958 502 3041 episcopi,
528 2960 734 3047 Reginaidus
756 2959 1016 3039 Munzunensis,
1039 2961 1146 3041 Hugo
1169 2959 1258 3022 Wai·
1300 3028 1303 3039 ¹

125 3119 131 3135 ,
217 3043 443 3110 demonteusis
466 3065 593 3119 comes,
623 3061 657 3106 et
679 3046 722 3122 de·
743 3045 838 3107 Italia
862 3044 1058 3112 Arn‘edeum
1075 3045 1257 3107 Taurinou·

218 3146 312 3206 sem,
342 3130 552 3208 fratremque
580 3131 651 3210 ejus
692 3117 906 3192 Cuilieimum
947 3130 1175 3192 marchionem
1217 3131 1256 3192 de

201 3212 351 3287 Monte
360 3216 505 3290 Ferrato,
526 3213 716 3278 'avunculos
740 3235 832 3288 suos,
856 3229 889 3276 et
910 3205 990 3278 alios
1012 3233 1112 3294 quarn
1136 3217 1255 3296 plures.

192 3367 195 3378 ‚
219 3297 351 3360 Verum
375 3299 460 3377 quia,
483 3295 759 3380 peccatisnostris
781 3299 997 3380 exigentibus,
1023 3305 1131 3380 quem
1154 3300 1257 3362 finem

172 3409 176 3420 ι
219 3380 384 3462 praedicta
411 3383 577 3465 expeditio
607 3383 715 3447 sortita
736 3384 850 3457 suerit,
880 3385 1035 3447 omnibus
1057 3401 1177 3446 notum
1201 3399 1256 3458 est,

141 3483 144 3492 ’
219 3486 291 3546 nos,
316 3467 372 3546 qui
393 3489 462 3532 non
483 3469 543 3531 hac
566 3469 638 3532 vice
647 3469 878 3570 tragoediam,
905 3473 964 3534 sed
984 3471 1166 3550 jucundam
1189 3467 1258 3531 scri·

10 3564 12 3574 '
98 3633 100 3640 Ι
172 3551 183 3562 ‘
218 3553 299 3614 bere
320 3552 550 3634 proposuimus
573 3555 756 3629 historiam,
789 3553 857 3617 aliis
879 3551 951 3618 vel-
963 3557 1040 3618 alias
1063 3557 1129 3632 boc
1143 3555 1257 3618 dicen·

219 3637 299 3699 dum
321 3637 551 3716 relinquimus:
558 3639 739 3739 Qualiter
760 3639 857 3704 etiam
880 3642 1038 3715 Saxones,
1063 3641 1200 3716 vicinas,
1222 3651 1257 3700 ut

219 3721 302 3800 dixi,
335 3737 449 3804 gentes
473 3710 629 3805 aggressi,
658 3724 894 3824 principibus
886 3742 971 3790 inter
992 3745 1029 3789 se
1050 3721 1267 3788 discordanti

217 3809 301 3878 bus,
312 3808 352 3870 ad
370 3809 497 3888 propria
515 3807 743 3884 remeaverint,
753 3811 960 3874 amemoria
978 3828 1104 3886 eorum,
1127 3810 1183 3891 qui
1207 3810 1257 3870 ad·

216 3891 282 3952 huc
304 3907 493 3990 supersunt,
510 3895 660 3956 noudum
682 3893 814 3958 excidit.
846 3885 1017 3971 Attamen,
1039 3916 1083 3959 ne
1102 3891 1256 3984 Fridorioi

216 3977 389 4093 principis,
402 3976 462 4056 qui
483 3978 521 4042 ιιι
540 3979 723 4062 praesentia
738 4001 798 4046 rex
819 3996 880 4059 est,
898 3982 1041 4062 fortuna,
1061 3979 1148 4064 quae
1168 3981 1254 4126 eidab

662 4111 670 4120 .
1180 4083 1201 4129 a
1226 4085 1256 4126 o
