2682 4756
972 457 976 472 ,
1040 387 1117 512 ¹175
1157 429 1164 437 ·

76 573 296 674 largitatem,
316 585 351 648 et
389 526 558 648 adaiitiarn
596 573 766 656 quoddam
797 537 947 639 medium
978 573 1119 639 Qhabens
1174 592 1176 598 ·

74 661 278 742 Principes
280 680 366 736 vero
399 659 609 723 dilectatione
645 662 755 726 bonae
792 647 903 726 famae
939 657 1119 758 largissimi,
1159 728 1161 741 Ι

74 765 154 832 gens
178 743 331 810 adulari
323 743 439 843 sciens,
461 745 703 825 eloquentiae
693 765 731 806 m
751 745 865 808 studiis
882 745 1092 810 inserviens
1084 755 1119 830 ιιι
1158 751 1161 758 “

75 845 213 905 tantum,
235 845 271 892 ut
293 828 391 894 etiarn
413 829 500 928 ipsos
522 849 643 928 pueros
667 829 771 910 quasi
783 831 931 896 rhetores
955 823 1119 898 attendas}
1220 831 1222 839 ’

76 937 158 998 quae
183 915 319 996 quidem
340 915 402 978 nisi
422 917 503 998 jugo
530 914 672 998 justitiae
700 930 882 997 prematur,
915 913 1122 1008 effrenatissi-

75 1025 126 1064 ma
150 1017 211 1064 eat.
264 1002 413 1076 Laboris,
434 999 579 1074 inediae,
600 993 734 1083 algdris,
755 1000 813 1063 ubi
832 1003 964 1100 fortuna
986 992 1119 1098 expetit,
1226 1065 1231 1076 ,

75 1086 213 1168 patiens.
260 1085 466 1160 Venationi,
505 1085 692 1167 accipitrum
731 1086 885 1152 exercitio
918 1085 1118 1150 inserviens:

51 1187 240 1270 'equorum
276 1187 548 1252 caeterorumque
580 1169 714 1234 militiae
741 1171 1052 1268 instrumentorum,
1087 1185 1121 1236 et

75 1257 222 1320 vestium
243 1256 371 1346 luxmia
394 1257 582 1320 delectatur.
1129 1259 1152 1283 ¹‘

158 1343 215 1406 Ex
235 1339 372 1404 nomine
393 1341 519 1420 itaque
527 1360 605 1416 suo,
639 1355 742 1412 terrae
770 1331 897 1404 nomen
918 1340 1120 1409 indiderunt.
1176 1359 1180 1364 ’

76 1427 187 1523 North
204 1425 328 1524 quippe
343 1426 486 1506 Anglica
506 1425 656 1506 lingua,
663 1426 858 1508 aquilonaris
880 1427 975 1512 plaga
996 1426 1122 1524 dicitur,

75 1526 108 1576 et
128 1509 208 1592 quia
230 1511 291 1592 ipsi
314 1514 355 1574 ab
377 1511 533 1590 aquilone
557 1527 734 1587 venerant,
764 1528 882 1575 terram
900 1512 1004 1594 ipsam
1025 1509 1122 1575 etiam

6 1669 7 1674 ι
74 1596 319 1660 Narmanniam
348 1597 563 1678 appellarunt.
620 1597 665 1660 In
697 1597 791 1680 cujus
824 1596 959 1677 quidem
992 1598 1123 1695 provin·

75 1681 122 1744 cia
144 1681 261 1744 civitas
284 1697 345 1756 est,
365 1701 452 1764 quae
470 1681 728 1744 Constantinum
750 1681 906 1756 dicitur,
897 1703 933 1744 ιιι
953 1681 1045 1762 cujus
1064 1696 1124 1746 ter-

6 1839 8 1846 ,
74 1766 188 1830 ritorio
210 1766 290 1828 villa
311 1782 378 1840 est,
411 1785 496 1846 quae
509 1765 680 1830 Altavilla
700 1779 936 1866 nuncupatum,
958 1787 1029 1868 non
1056 1765 1124 1846 qui·

6 1907 11 1932 „
75 1853 153 1925 dem
187 1865 314 1914 tantum
342 1873 403 1934 pro
419 1850 628 1950 ‘excellentia
657 1851 794 1934 alicujus
822 1852 960 1928 montis,
992 1850 1035 1952 ιιι
1055 1871 1123 1932 quo
1174 1923 1179 1932 ¹

6 2013 8 2017 ,
76 1937 134 2000 sita
159 1937 215 1998 sit:
244 1929 499 2018 sedquoniam,
524 1951 560 1999 ut
581 1935 760 2013 credimus,
783 1937 892 2018 aliquo
915 1935 1059 2019 auspicio
1082 1937 1124 2001 ad

6 2095 7 2098 ι
77 2021 376 2086 considerationem
409 2021 631 2102 praenotantis
664 2038 842 2097 eventum,
881 2035 924 2086 et
945 2039 1123 2104 prosperos

6 2181 7 2188 ι
77 2125 249 2172 successus
271 2107 422 2187 ejusdem
441 2108 539 2174 villae
560 2108 745 2170 futurorum
767 2107 960 2183 haeredum,
981 2106 1050 2170 Dei
1072 2107 1125 2170 ad·

19 2239 22 2245 ,
74 2191 200 2274 jutorio
223 2206 257 2256 et
278 2211 337 2254 sua
359 2191 558 2266 strenuitate,
581 2192 739 2275 gradatim
758 2192 880 2272 altioris
901 2192 1037 2259 honoris
1061 2194 1125 2256 cub
1182 2195 1184 2200 ’

76 2299 155 2342 men
190 2275 428 2342 acarrdentium.
471 2280 561 2340 Nam
588 2277 763 2350 nescimus,
793 2293 903 2342 utrum
931 2275 967 2338 in
995 2297 1125 2358 praeces

78 2363 236 2426 dentibus
265 2361 425 2462 partibus,
457 2364 515 2427 vel
537 2377 625 2428 certe
646 2363 682 2426 in
704 2377 818 2444 postea
839 2361 957 2426 funaris
979 2361 1125 2426 baeredi-
1184 2375 1229 2456 θ’,
1295 2365 1300 2383 ’

76 2451 189 2524 bus,
193 2462 248 2512 aut
275 2447 374 2512 etiarn
403 2449 439 2510 in
467 2448 615 2528 utrisque
643 2447 755 2510 divina
776 2445 1000 2528 providentia,
1033 2447 1125 2527 quod

77 2534 139 2596 sibi
158 2532 344 2632 placeret
335 2533 528 2615 inspiciens,
557 2533 748 2600 haeredes
739 2553 827 2616 ipsos
849 2533 885 2596 in
907 2545 1032 2606 tantum
1054 2551 1127 2614 pro

6 2659 8 2678 2
76 2620 200 2692 vexit,
221 2631 258 2680 ιιι
287 2617 385 2682 sicut
392 2613 549 2684 Abr'ahae
576 2619 811 2718 repromissum
833 2633 899 2696 est,
933 2617 1125 2700 ingentem
1205 2634 1211 2642 ’

6 2743 7 2748 1
76 2715 234 2786 magnam
258 2718 478 2780 crescentes,
494 2720 527 2769 et
548 2723 647 2768 suum
668 2703 864 2784 imperium
862 2703 971 2770 armis
995 2702 1128 2767 dilatan-

6 2845 11 2850 ι
77 2804 144 2863 tes,
183 2789 359 2866 multarum
393 2789 540 2870 gentium
569 2789 631 2852 silai
663 2791 747 2851 colla
778 2789 998 2866 subdiderint,
1035 2789 1127 2870 quod

78 2875 239 2957 paulatim
261 2873 509 2956 perstringendo
533 2876 617 2956 stylo
639 2893 890 2955 prosequemur.

163 2961 247 3022 Erat
277 2958 372 3022 miles
405 2959 551 3040 quidam.
576 2959 732 3041 praeclari
769 2961 950 3024 admodum
985 2957 1129 3060 generis,
1166 2955 1181 2968 ⁵
1289 2961 1291 2968 ’

79 3044 136 3126 'qui
186 3047 226 3108 ab
264 3045 531 3108 antecessoribus
577 3045 644 3106 suis
686 3043 924 3112 haereditario
948 3046 1036 3142 jure,
1067 3045 1132 3122 sibi
1230 3078 1232 3086 v

79 3130 167 3194 hanc
191 3128 314 3192 villam
346 3130 492 3193 relictam
519 3129 708 3212 possidens,
745 3133 944 3198 Tancredua
979 3129 1129 3208 nomine,
1223 3145 1225 3154 ’

81 3215 176 3278 duxit
198 3235 351 3288 uxorem,
380 3215 525 3276 moribus
559 3231 593 3278 et
619 3235 743 3297 genere
776 3215 983 3296 splendidam
1016 3215 1144 3312 mulio,
1242 3241 1252 3252 ·

78 3320 255 3376 rem,ex
290 3319 354 3378 qua
386 3299 484 3381 legali
517 3301 726 3364 successione
760 3319 942 3397 annorum,
980 3291 1130 3382 quinque

80 3385 186 3460 filios,
220 3400 335 3465 postea
362 3385 490 3448 futuros
523 3385 671 3459 comites,
710 3385 871 3466 suscepit.
912 3385 1132 3454 Guilielmunt

81 3469 262 3534 videlicet
263 3469 462 3550 cognomine
483 3471 606 3548 Ferrea
630 3469 770 3544 brachia,
789 3473 1000 3556 Drogonem,
1021 3471 1131 3536 Huni-

37 3574 39 3578 ·
81 3554 269 3628 fredum,
279 3555 490 3619 Gaufredunr
529 3569 566 3624 et
602 3557 785 3620 Serlonem.
845 3557 990 3618 Horum
1027 3573 1131 3622 matre
1192 3569 1196 3580 ’

6 3645 7 3648 ’
82 3639 257 3740 defuncta,
280 3657 374 3702 cum
405 3639 476 3720 ipsa
508 3655 608 3702 aetas
630 3639 738 3702 adhuc
771 3639 885 3704 viridis
912 3639 1001 3740 patri
1032 3639 1133 3705 conti-

81 3725 231 3790 ueritiam
254 3723 450 3808 denegaret,
473 3725 649 3800 honestus,
671 3725 882 3790 inhonestos
888 3727 994 3790 coitate
1017 3728 1133 3792 abhon

7 3871 9 3882 ,
80 3811 170 3884 rens,
193 3811 354 3874 secundas
375 3809 506 3890 nuptias
528 3809 717 3886 celebravit,
738 3813 878 3876 malens
887 3833 993 3888 una,
992 3825 1034 3874 et
1056 3809 1134 3894 legi·

80 3893 162 3957 tima
191 3915 263 3959 esse
291 3909 476 3970 contentus,
518 3917 619 3976 quarn
644 3895 748 3960 foedo
778 3897 1038 3961 consubinarum
1069 3915 1135 3962 atus
1212 3961 1215 3973 ,.

79 3981 187 4059 plexu
213 3979 386 4064 nnana,
416 4000 549 4046 memor
576 3981 663 4060 illius
681 3981 867 4066 apostolici
895 3981 988 4049 disti:
1031 4001 1135 4079 unua

42 4090 43 4095 ¹
835 4097 837 4102 ·
984 4065 1124 4148 quisque
