2688 4754
893 403 897 410 '
1050 383 1118 466 131

93 565 332 644 decreveram,
342 584 499 650 prospere
520 509 682 651 perfeci,
685 559 844 666 cotiique
864 567 952 644 meis·
970 565 1011 634 ad
1032 569 1132 638 velle
1144 536 1153 556 ⁴
1243 549 1249 557 ⁴

93 655 233 720 satisfeci.
276 653 406 716 Nunc
398 668 508 734 ltaque
529 669 645 716 notum
668 651 709 718 sit
714 645 882 718 omnibus
904 657 984 720 vob
986 677 1011 732 s,
1043 657 1120 738 quia
1204 699 1220 728 ,·

68 737 159 824 'ipso
160 737 261 804 Deo
286 737 503 820 omnipotenti
524 740 667 836 supplex
685 740 823 815 devovi,
844 741 945 804 vitam
967 763 1077 818 meam
1100 763 1120 806 a
1213 773 1225 782 ·

36 827 40 836 ’
92 823 223 890 modo
215 845 250 886 ιιι
278 824 430 886 omnibus
456 822 649 904 justificare,
683 839 718 889 et
743 835 842 907 regna
873 826 953 888 mihi
981 827 1141 906 subditas
1210 855 1215 872 ι

32 960 39 968 .
91 909 320 1007 populosque,
329 908 416 990 juste
439 924 483 970 et
480 909 548 990 pie
570 927 704 992 regere,
728 929 939 990 aequumque
958 911 1121 1011 judicium

90 1017 145 1094 per
171 994 282 1056 onmia
301 995 503 1068 observare,
538 995 618 1058 etsi
640 993 719 1078 quid
741 1013 800 1076 per
822 1005 917 1058 meae
936 995 1120 1078 juventutis

90 1079 367 1176 intemperantiam
385 1092 481 1158 atque
496 1073 732 1161 negligentiam
750 1079 906 1144 hactenus
924 1095 1053 1165 praeter
1073 1083 1118 1160 id,

91 1163 209 1263 qnpd
197 1179 324 1244 Justum
352 1178 438 1240 erat,
473 1177 579 1226 actum
609 1177 675 1240 est,
706 1177 813 1228 toturn
840 1163 1034 1248 deinceps,
1040 1169 1120 1230 Deo
1149 1199 1151 1202 ·

91 1247 271 1347 auxiliante,
306 1245 446 1332 dispono
476 1249 664 1312 emendate.
716 1247 848 1312 Idcirco
882 1253 1044 1326 obtestor,
1087 1259 1145 1316 ει
1190 1307 1197 1326 ,

90 1333 249 1416 praecipio
272 1333 355 1396 meis
370 1331 582 1408 consiliariis,
610 1333 730 1414 quibus
752 1334 844 1416 regni
866 1335 1000 1424 consilia
1021 1335 1121 1400 credi·

91 1419 129 1490 oi,
149 1440 190 1481 ne
207 1417 284 1486 ullo
306 1410 419 1492 modo,
441 1432 496 1480 aut
516 1431 649 1500 propter
669 1425 783 1482 meuln
805 1413 967 1495 timorem,
990 1436 1045 1484 aut
1065 1421 1121 1484 ali·
1149 1453 1153 1460 ·

71 1497 174 1583 'cujus
195 1503 340 1584 potentis
362 1521 526 1584 personae
552 1499 712 1580 favorem,
730 1501 928 1582 ’aliquam'
916 1506 1072 1586 justitiam
1100 1527 1122 1570 a

89 1589 183 1650 modo
213 1589 422 1652 consentiant
449 1587 586 1662 iacere,
605 1587 663 1650 vel
689 1587 851 1688 patiantur
889 1589 1092 1669 pullulare
1083 1611 1120 1654 ιιι
1195 1647 1198 1664 ,
1233 1625 1235 1636 ·
1318 1619 1320 1626 ,

90 1672 173 1736 omni
199 1693 307 1755 regno
339 1691 430 1740 meo.
470 1671 645 1770 Praecipio
668 1671 765 1736 etiam
787 1671 941 1736 omnibus
962 1675 1122 1757 personis,
1211 1705 1215 1712 ·

75 1771 119 1844 'et
144 1755 393 1821 vicecomitibus
422 1753 568 1820 universi
595 1755 690 1840 regrii
718 1756 800 1831 mei,
827 1757 909 1822 sicut
937 1764 1046 1824 meam
1066 1761 1134 1826 laa-v

89 1841 161 1906 bere
181 1845 304 1905 volunt
325 1841 499 1904 amicitiam
523 1857 578 1904 aut
599 1862 692 1904 suam
714 1840 868 1919 salutern,
900 1858 939 1904 ut
958 1845 1043 1918 nulli
1064 1845 1149 1907 he¹
1223 1895 1226 1904 .
1330 1875 1331 1884 ι

88 1925 164 1990 mini
189 1925 286 1992 diviti
313 1928 369 1992 vel
396 1921 551 2026 pauperi,
582 1926 653 2004 viru
684 1925 838 2008 injustam
869 1925 1028 2003 inferant,
1059 1930 1127 1994 sed
1156 1981 1160 1988 ,

89 2010 258 2086 omnibus,
273 2027 338 2074 tam
359 2011 525 2076 nobilibus
548 2031 647 2092 quam
668 2010 877 2094 ignobilibus,
906 2011 946 2076 sit
965 2013 1045 2077 fas
1032 2030 1122 2098 Justa

88 2097 155 2180 lege
178 2097 364 2178 ιιοιίιιιιιιί,Ι
381 2119 400 2160 a
422 2117 488 2177 qua
508 2117 572 2188 nec
593 2112 725 2179 propter
745 2095 895 2160 favorem
916 2098 1034 2180 regni,
1044 2117 1123 2166 nec

87 2197 212 2264 propter
244 2181 378 2262 alicujus
406 2181 566 2264 potentis
576 2201 767 2264 personam,
800 2197 864 2244 nee
886 2195 1020 2281 propter
1040 2183 1125 2248 mihi

88 2267 326 2368 congerendam
349 2266 552 2366 pecuniam,-
557 2267 625 2328 ullo
648 2267 750 2328 modo
773 2265 919 2364 devient,
940 2268 1018 2350 quia
1038 2269 1123 2333 nulli
1163 2327 1165 2332 .

88 2351 162 2414 mihi
189 2352 366 2456 necessitas
390 2367 454 2426 est,
486 2367 523 2418 ut
543 2350 657 2432 iniqua
684 2349 856 2416 exactione
877 2352 1019 2432 pecunia
1039 2351 1124 2419 mihi
1155 2360 1157 2364 ’
1187 2377 1208 2404 ’·

89 2443 311 2535 congeratur.
357 2437 449 2536 Ego
478 2437 588 2518 itaque
638 2453 756 2498 notum
795 2433 890 2498 vobis
923 2435 997 2508 fieri
1028 2441 1125 2517 volo,
1163 2431 1168 2444 ’
1206 2457 1214 2496 t

86 2525 199 2584 eadem
220 2523 289 2600 via,
310 2543 376 2604 qua
397 2519 497 2598 exivi,
518 2521 707 2619 regrediens
723 2519 1004 2595 Danemarchiam
1025 2524 1125 2600 vado,

87 2613 213 2687 pacem,
237 2625 271 2673 et
291 2609 424 2672 ῑιιιιιιιιιι
445 2621 586 2706 pactum,
617 2603 768 2670 omnium
788 2607 964 2670 Danorunr
986 2608 1125 2674 oonsilio

87 2693 324 2774 compositurus
347 2714 423 2763 curn
444 2693 483 2756 ils
505 2693 667 2790 gentibus,
689 2710 775 2770 quae
797 2709 869 2766 nos,
891 2705 925 2756 et
945 2711 1066 2774 regno,
1090 2695 1125 2758 'ct
1166 2750 1170 2762 .

87 2775 149 2840 vita
169 2778 317 2860 privare,
346 2777 372 2840 si
393 2779 432 2841 iis
454 2793 541 2840 esset
563 2775 733 2858 possibile,
762 2774 936 2850 volebant,
972 2778 1126 2844 sednon

87 2877 250 2942 poterant,
279 2867 357 2927 Deo
378 2861 500 2926 scilicet
519 2861 675 2925 virtutem
697 2880 815 2924 sorum
837 2862 1055 2937 destruente,
1065 2857 1125 2942 qui

48 2985 56 2990 -
86 2965 143 3008 nos
171 2967 231 3010 sua
259 2945 497 3048 benignitate
487 2967 522 3010 ιιι
554 2965 675 3030 regno,
714 2961 748 3010 et
775 2943 904 3012 honoro
937 2961 1123 3028 conservet,
1161 3008 1172 3024 Ι

49 3051 52 3055 “
88 3032 233 3094 omnium
269 3029 477 3096 inimicorum
515 3045 702 3096 nostrorum
736 3029 918 3114 potentiam
953 3031 1138 3132 adnihilet'

37 3187 38 3195 ἵ
88 3115 274 3214 Composita
302 3121 448 3198 namquo
476 3137 588 3198 pace
587 3135 663 3180 cunr
691 3116 860 3208 gentibus,
882 3134 978 3194 quas
1005 3114 1042 3178 in
1069 3117 1126 3182 cir·

88 3199 173 3262 cuitu
198 3217 312 3265 nostro
342 3217 433 3279 sunt,
468 3188 691 3284 dispositoque
714 3215 749 3264 et
769 3216 884 3295 pacato
907 3199 1001 3264 omui
1020 3221 1140 3290 regno:
1178 3252 1181 3258 .
1206 3216 1224 3226 “·
1330 3207 1331 3214 ’

83 3301 160 3348 meo
182 3283 269 3348 bic
258 3307 295 3350 ru
317 3289 461 3363 oriente,
492 3287 601 3350 itaut
629 3309 649 3349 a
675 3283 799 3348 nulla
793 3301 884 3368 parte
913 3281 1039 3350 bellum
1061 3284 1150 3354 aut*
1210 3304 1213 3308 ’

14 3373 15 3376 ’
88 3365 266 3434 inimicitias
296 3373 480 3454 aliquorum
509 3371 624 3435 time-re
656 3369 852 3446 habeamus,
897 3389 998 3454 quam
1031 3371 1153 3437 citius-

87 3448 143 3516 hrc
164 3473 286 3522 aestate
309 3473 499 3543 apparatum
519 3453 642 3540 navigii
662 3453 785 3520 habere
804 3469 942 3539 potero,
962 3455 1139 3542 ΑιιςῐίιιιιΔ

87 3537 197 3606 venire
215 3542 373 3626 dispono.

164 3625 268 3690 Hanc
289 3644 399 3694 cutem
422 3611 625 3712 epistolam
612 3645 682 3708 Jam
696 3619 877 3708 praemisi,
912 3641 950 3690 ut
975 3621 1048 3694 de
1048 3643 1143 3696 mes·

13 3707 30 3786 J
87 3711 297 3792 prosperitate
319 3714 426 3778 omnis
448 3713 592 3796 populus
612 3709 708 3794 regni
728 3711 796 3774 mei
817 3709 1025 3791 laetificetur,
1046 3714 1127 3796 quia
1206 3773 1207 3781 ,

15 3844 17 3855 .
103 3808 136 3855 ιιι
157 3804 218 3858 vos
241 3797 304 3878 ipsi
324 3799 430 3880 scitis)
453 3818 625 3878 nunqnam
646 3795 895 3878 memetipsum
923 3817 987 3865 ¹²²⁶
1008 3819 1126 3864 meum
1155 3811 1187 3885 ,’
1291 3833 1294 3840 “

13 3957 14 3968 ¹
100 3880 228 3944 aborem
253 3883 420 3960 abstinui,
414 3903 493 3982 uec
516 3883 623 3946 adhuc
644 3879 827 3946 abstinebo
834 3883 1039 3968 impendere,
1063 3905 1124 3972 pro

69 4019 76 4051 ,Χ
88 3964 174 4028 omni
202 3965 336 4057 populi
356 3957 427 4036 mci
462 3963 854 4128 raecessarittluplitute·¹
868 3951 1126 4124 Nuugbtiffi

143 4107 162 4146 ἡ
