2688 4754
102 359 180 500 ,Ἴ
219 399 294 570 {⁵⁶

84 655 86 665 ,
182 618 185 623 -
214 547 345 657 ιιιίοιιι
361 585 576 686 suscipientes
597 594 698 669 atque
713 589 892 662 oemunt,
911 579 1058 652 sanctam
1068 587 1261 654 Romanam

215 673 387 736 ecclesiam
408 687 474 738 tam
496 671 531 738 iu
551 673 762 756 generalibus
783 671 958 748 conciliis,
978 692 1077 754 quarn
1099 671 1202 737 etiarn
1222 664 1266 736 in·

136 796 137 800 =
182 771 187 779 ’
215 758 350 828 caeteris
370 757 501 841 scriptis
524 776 557 822 et
579 759 676 840 gestis
700 757 776 832 suis,
800 757 1022 822 universalem
1044 771 1184 822 manem
1201 779 1262 840 ap-

142 900 144 906 ,
212 844 437 942 pellaveruntr
472 857 517 909 et
526 841 608 906 sicut
629 843 701 926 ejus
723 841 958 908 documenta
949 860 985 904 ιιι
1002 841 1263 910 confirmatione

214 927 311 1004 fidei,
342 945 378 992 et
397 923 582 996 eruditione
604 948 714 994 sacrae
734 927 917 1010 religionis,
947 926 994 1018 ita
1015 927 1114 992 etiarn
1132 929 1262 1011 judicia

50 998 58 1014 ⁶
117 1011 130 1088 ’Δ
215 1027 446 1094 ursceperuut,
467 1013 504 1078 in
523 1014 589 1076 hoc
603 1013 860 1088 consentientes,
882 1027 916 1076 et
937 1009 1029 1092 quasi
1051 1034 1121 1078 uno
1143 1013 1262 1098 spiritu

214 1113 249 1161 et
270 1119 337 1160 una
359 1119 444 1164 voce
466 1098 716 1186 concordantes,
734 1117 852 1162 ornnes
874 1095 1028 1180 majores
1036 1109 1088 1162 res
1112 1113 1146 1162 et
1166 1119 1263 1181 prae·

206 1183 313 1264 uipua
339 1179 487 1282 negotia,
522 1205 586 1248 nec
612 1205 682 1246 non
710 1183 861 1246 omniurn
890 1181 1102 1260 ecclesiarum
1123 1183 1262 1266 judicia,

214 1269 257 1332 ad
279 1289 363 1343 earu,
391 1269 487 1349 quasi
505 1270 547 1334 ad
568 1287 706 1336 matrem
734 1283 767 1332 et
789 1283 895 1365 caput,
917 1263 1041 1332 debere
1060 1269 1195 1345 referri,
1219 1274 1261 1332 ab
1321 1331 1326 1343 ,

182 1357 186 1366 “
216 1372 255 1424 ea
277 1373 440 1434 nusquam
462 1353 634 1436 appellari,
659 1350 781 1435 judicia
803 1354 875 1435 ejus
896 1374 916 1416 a
937 1351 1075 1434 nemine
1094 1353 1264 1420 retractari

206 1453 271 1505 aut
291 1439 397 1503 refelli
418 1439 542 1504 debere
569 1455 625 1502 aut
646 1459 752 1538 posse
767 1449 828 1502 etc.

143 1581 146 1586 .
226 1525 368 1592 Hic
389 1525 557 1590 Hemicus
580 1545 639 1606 per
660 1523 873 1589 amicitiarum
894 1515 1059 1607 speciem,
1091 1545 1179 1608 quae
1203 1525 1263 1590 ini·
1304 1601 1311 1609 a

71 1680 73 1687 χ
104 1631 137 1686 ·j
188 1667 191 1670 .
214 1607 302 1692 mica
321 1626 406 1685 sunt,
428 1607 519 1692 gerit,
541 1625 575 1673 et
597 1610 767 1708 ecclesiatn
790 1609 960 1709 dispergit
967 1631 1004 1674 ac
1024 1625 1139 1676 vastat.
1167 1613 1263 1676 Nota

103 1745 105 1751 .
148 1749 150 1755 Α
188 1715 306 1786 vergo,
330 1695 543 1769 citatissime,
550 1693 578 1758 si
595 1715 700 1770 eum,
707 1694 763 1774 qui
786 1693 927 1762 amicitia
947 1697 1007 1760 vel
1027 1696 1173 1777 alloquio
1197 1696 1264 1774 his,
1342 1757 1343 1760 ,

214 1769 333 1861 quibus
361 1803 445 1862 papa
473 1801 532 1879 pro
561 1779 684 1842 actibus
711 1779 779 1842 suis
809 1800 943 1846 aversus
972 1797 1038 1856 est,
1070 1778 1262 1860 associatur,

72 1889 75 1898 ¹
110 1947 114 1951 μ
213 1881 279 1928 tam
302 1867 442 1964 graviter
460 1864 599 1946 judicat·
620 1880 753 1952 quauta
773 1864 896 1932 illum
887 1887 1006 1947 ipsum,
1028 1865 1082 1930 oui
1102 1889 1165 1952 pro
1188 1868 1264 1930 acti·

212 1953 289 2016 bus
298 1951 363 2012 suis
387 1969 521 2014 aversus
544 1964 610 2026 est,
638 1945 923 2016 animadversione
946 1953 1089 2016 damnat.
1133 1953 1209 2018 Sed
1225 1968 1264 2016 ut

111 2061 114 2067 ¹
156 2071 166 2078 —
215 2038 257 2098 ad
287 2047 361 2098 reru
391 2035 595 2110 redeamus,
626 2034 715 2119 itane
756 2033 893 2117 dignitas
932 2058 951 2098 a
989 2037 1190 2101 setulanbus
1226 2031 1264 2102 εἴ
1307 2051 1310 2060 ’

146 2144 149 2152 ·
212 2122 331 2188 Deum
357 2119 581 2217 ignorantibus
609 2111 763 2195 inventa,
794 2141 865 2184 non
891 2121 1080 2202 subjicietur
1101 2122 1134 2186 ei
1148 2122 1263 2206 digni
1282 2137 1287 2143 '

158 2240 190 2258 ··
213 2205 286 2284 tati,
320 2225 419 2286 quam
442 2204 675 2286 omnipotentis
697 2205 765 2269 Dei
793 2205 1000 2287 providentia
1028 2209 1070 2272 ad
1091 2205 1262 2272 honorem

207 2309 313 2440 {plum
325 2290 479 2440 Juvertin
505 2291 701 2370 mundoque
729 2287 979 2356 misericorditer
999 2290 1130 2358 tribuit?
1163 2294 1262 2376 eujus

260 2395 298 2440 us

210 2481 361 2526 summus
364 2441 551 2535 sacerdos,
579 2477 675 2556 caput
697 2459 848 2524 omnium
869 2463 1093 2538 sacerdotum,
1115 2465 1159 2526 ad
1181 2465 1263 2528 dex·

130 2549 159 2616 ,’
211 2560 294 2612 tram
322 2546 419 2630 patris
448 2547 610 2621 sedens,
616 2561 650 2610 et
677 2567 737 2627 pro
766 2547 886 2612 nobis
879 2567 1024 2629 semper
1042 2547 1262 2652 interpellans

24 2670 30 2681 ·
133 2684 143 2712 .,
211 2630 369 2706 habetur,
391 2631 448 2712 qui
470 2631 617 2696 senuisse
639 2651 779 2714 regnum
800 2635 890 2699 unde
913 2633 971 2694 lilii
992 2633 1094 2712 seculi
1116 2621 1262 2711 tumetit,

74 2751 81 2762 κ
127 2790 131 2796 ‚
211 2716 380 2800 despexit,
427 2730 461 2780 et
487 2717 529 2776 ad
557 2715 816 2780 sacerdotium
798 2717 899 2782 crucis
929 2733 1129 2800 spontaneus
1153 2720 1261 2784 veuit.

212 2803 297 2890 Quis
319 2798 451 2874 nesciat,
473 2819 568 2883 reges
591 2816 626 2866 et
647 2802 749 2864 duces
771 2794 924 2866 habuisse
946 2803 1167 2886 principium?
1201 2803 1261 2886 qui

342 2389 409 2440 tout
435 2377 532 2440 Deus
559 2391 593 2440 et
621 2376 745 2441 homo'
757 2374 981 2441 indubitanter
1012 2377 1194 2454 creditur,
1215 2380 1262 2441 ita
1342 2389 1343 2398 ’

207 2883 356 2961 Deum
347 2901 535 2968 ignorantes
557 2885 718 2968 superbia,
739 2888 869 2967 rapinis,
891 2887 1038 2970 perfidia,
1059 2887 1260 2988 homicidiis,
1341 2941 1342 2948 ,

48 3049 50 3056 γ
136 2981 137 2986 ’
209 2986 379 3054 postremo
401 2970 563 3039 universis
577 2993 673 3053 pene
695 2972 882 3048 sceleribus,
904 2974 1020 3034 mundi
1041 2973 1190 3056 principe
1213 2975 1262 3048 vi·

211 3055 333 3130 delicet
361 3054 495 3120 diabolo
525 3057 707 3138 agitante,
722 3077 821 3138 snper
841 3076 935 3138 pares
958 3057 1079 3122 scilicet
1100 3058 1260 3123 homines

211 3141 393 3218 dominare,
424 3161 523 3204 caeca
545 3142 701 3223 cupidine
729 3161 762 3206 et
793 3142 988 3206 intolerabili
1009 3136 1264 3226 praesumtione
1339 3151 1341 3182 ³

210 3226 457 3292 affectaverunt.
503 3228 600 3326 Qui
599 3227 769 3301 videlicet,
802 3229 882 3288 dum
911 3231 1094 3293 sacerdotes
1128 3229 1266 3293 domini·

181 3356 183 3362 -
211 3313 254 3374 ad
275 3312 412 3394 vestigia
440 3332 499 3374 sua
525 3311 681 3376 inclinare
704 3315 925 3392 contendunt,
955 3314 1009 3376 cui
1028 3313 1148 3378 rectius
1169 3329 1260 3386 cotu-

210 3411 374 3478 parantur,
397 3398 495 3475 quam
518 3397 575 3478 qui
598 3417 646 3462 est
667 3412 764 3479 caput
784 3419 884 3478 super
899 3418 1016 3464 omnes
1036 3399 1123 3476 filios
1146 3419 1258 3481 super·

156 3489 158 3494 ’
210 3479 306 3556 biae,
339 3479 398 3579 qui
419 3479 527 3561 ipsum
548 3503 716 3546 summum
738 3483 945 3581 pontificern,
977 3468 1185 3550 sacerdotum
1209 3494 1259 3547 oa·

205 3579 281 3663 put,
304 3565 446 3631 altissimi
468 3567 573 3630 filiurn
595 3581 733 3643 tentans,
746 3583 789 3666 'et
811 3571 925 3630 omnia
946 3567 993 3632 illi
1014 3569 1131 3632 mundi
1152 3589 1258 3651 regua

205 3647 422 3734 promittens.
459 3649 517 3714 aits
551 3653 633 3718 haec
662 3651 775 3716 omnia
804 3651 860 3714 tibi
890 3655 992 3730 dabo,
1025 3653 1051 3716 si
1079 3653 1256 3750 procidens

212 3733 399 3800 adoraveris
421 3757 487 3798 me
525 3737 606 3834 Quis
630 3738 764 3812 dubitet,
787 3739 971 3803 sacerdotes
990 3738 1118 3813 Christi,
1136 3760 1257 3821 regum

142 3870 144 3877 .
212 3835 247 3885 et
267 3819 461 3920 principum,
483 3821 700 3904 omniumque
722 3821 880 3902 fidelium,
902 3838 1010 3906 patres
1034 3837 1068 3888 et
1086 3824 1258 3907 magistros

1269 3387 1288 3400 p

212 3898 361 3972 censent
383 3906 523 3969 Nonne
551 3906 779 3972 miserabilis
771 3910 918 3976 insaniae
942 3929 1015 3974 esse
1038 3909 1255 3991 cognoscitur,
1338 3935 1339 3974 ι

212 3989 239 4054 si
261 3991 345 4056 filins
366 4005 511 4076 patrem,
533 3991 709 4077 discipulus
730 3994 922 4117 nagistrum
942 3995 1004 4060 sibi
1025 4009 1163 4060 conetur
1183 3996 1255 4055 sub

1077 4077 1252 4163 jugale,
