2682 4756
55 559 291 674 Peregrinarum
319 551 438 656 leniter
466 555 609 670 posset
600 553 719 656 auferri
746 602 781 660 et
802 559 969 683 amoveri,
978 569 1087 670 dum

43 683 90 744 'ad
115 675 365 740 comburendam
397 675 583 771 machinam
620 692 705 738 trans
735 667 848 738 m'ur'os
880 691 914 738 et
945 678 1083 752 rnoetria

56 763 228 864 praefatum
249 761 376 841 lignum
399 751 586 838 jactaretur.
630 743 758 842 Aptato
787 762 1025 859 perfectoque
1023 761 1082 824 hu·

55 853 98 932 J'us
126 845 246 941 roboris
281 845 453 920 aedificio,
486 846 628 942 quadam
664 845 720 908 die
749 843 897 910 universi
924 847 1014 908 cives
1044 867 1083 908 ao

33 931 158 996 ‘milites
178 929 263 1012 regis
285 930 489 1013 Babyloniae
511 933 595 994 intra
603 909 734 994 urbem
757 929 906 1005 adunati,
943 931 1026 995 circa
1047 931 1082 996 id
1165 963 1168 982 τ
1195 907 1252 950 ””

57 1037 127 1098 opus
153 1017 376 1080 conteruntur.
442 1010 517 1114 Qui
540 1015 649 1088 scalis,
686 1015 784 1078 hastis
803 1030 847 1078 et
853 1015 1080 1114 apparatibus

58 1103 112 1166 suis
130 1121 252 1182 grave
260 1083 420 1182 liguum,
440 1101 614 1166 incensum
642 1101 737 1184 igne,
770 1100 862 1164 omni
886 1120 972 1180 aqua
993 1100 1082 1166 inex·

58 1184 215 1268 tinguibili,
251 1201 338 1249 trans
366 1203 478 1248 muros
506 1187 543 1252 ιιι
572 1186 691 1249 ιιιιιιιε
724 1207 844 1268 magna
871 1201 905 1250 et
933 1207 1081 1252 momen
1159 1183 1162 1196 ¹

58 1286 84 1333 to
113 1273 349 1352 deposuerunt,
392 1271 477 1335 inter
509 1291 621 1334 muros
658 1287 692 1334 et
724 1272 909 1336 machinam
942 1271 1050 1346 hoc,
1034 1293 1082 1352 Ja-

59 1357 189 1420 ciehtesr‘
220 1360 258 1430 ιιι
293 1359 334 1418 ab
350 1353 449 1418 -illius
475 1355 677 1420 validissimo
708 1357 824 1420 ardore
852 1371 982 1436 postes,
1015 1354 1082 1438 'qui-

58 1445 108 1504 bus
137 1455 199 1505 tota
231 1439 432 1510 innitebatur
466 1442 641 1516 machina,
667 1440 823 1522 correpti,
851 1459 1082 1516 cremarentur,
1139 1443 1162 1468 ”
1265 1453 1268 1462 ’

59 1525 234 1606 ruinamque
257 1525 292 1588 in
315 1547 355 1591 ea
372 1525 558 1590 habitantes
580 1541 784 1610 paterninum
819 1530 883 1589 riec
910 1527 977 1588 ulla
999 1547 1084 1608 aqua
1172 1533 1196 1614 'J

60 1626 114 1674 tam
139 1611 360 1676 vehemens
352 1611 436 1693 ignis
468 1611 740 1714 restingueretur,
775 1629 843 1692 quo
878 1627 983 1692 usque
1016 1626 1084 1690 tota
1103 1662 1114 1696 >
1140 1621 1144 1628 “
1173 1649 1177 1662 ·

59 1685 190 1759 machina
214 1717 295 1769 cum
324 1698 469 1778 praefato
486 1681 655 1768 ritbore
646 1718 682 1758 ιιι
711 1697 837 1763 eineres
866 1697 996 1760 redacta
1018 1718 1083 1760 cor

59 1782 178 1844 masec·-
218 1781 355 1850 Verum
378 1781 568 1858 christianis,
590 1777 631 1844 'ab
653 1779 817 1872 indigenis
840 1767 1083 1872 conchristianis
1166 1838 1171 1843 .

59 1885 100 1928 res
118 1864 270 1939 ιιιιιιιιιιιι,
292 1882 326 1932 et
348 1867 486 1948 qualiter
507 1866 590 1934 his
581 1866 682 1948 iguis,
708 1877 792 1950 aqua
814 1856 1083 1950 inextinguibilis,
1119 1887 1136 1904 v*
1208 1939 1214 1948 ¹
1275 1927 1277 1934 .

60 1953 118 2032 solo
144 1951 222 2018 aceti
249 1951 379 2036 liquore
407 1951 565 2036 restingui
592 1953 711 2021 ualeat.
762 1952 903 2020 Unde
894 1973 930 2014 ιιι
958 1953 1082 2016 utribus

59 2033 128 2100 intra
159 2029 345 2111 machinam
385 2052 530 2114 acetum,
566 2057 610 2102 ex
641 2036 848 2136 providentia
881 2036 1083 2131 impositum,
1168 2069 1174 2082 κ
1209 2054 1226 2082 ’κ
1300 2047 1314 2118 'J

60 2141 143 2202 super
161 2121 319 2204 injectum
349 2138 382 2186 et
410 2123 557 2200 effusum
577 2135 646 2188 esti
677 2121 723 2184 sic
745 2124 868 2205 grande
890 2117 1083 2188 incendium
1140 2141 1145 2152 ·

59 2206 246 2284 restinctum,
284 2208 368 2275 ultra
397 2195 583 2273 machinae
579 2228 719 2278 nocere
746 2227 816 2270 non
844 2208 960 2292 potuit.
999 2210 1083 2273 Ad
1144 2241 1148 2256 ·

59 2289 142 2372 hujus
173 2291 318 2376 denique
350 2293 477 2356 roboris
514 2291 749 2376 extinctionem
779 2310 969 2372 concursus
986 2297 1084 2392 Pere-
1166 2368 1167 2371 Ἴ

27 2377 208 2456 (grinorum
234 2373 435 2442 factumest:
471 2367 527 2462 qui
555 2377 704 2442 catenam
733 2377 921 2524 arripientes
943 2380 1017 2457 totis
1040 2379 1085 2442 vi-

61 2461 135 2524 ribus
153 2460 349 2528 luctamen
338 2463 499 2540 inierunt,
527 2463 561 2526 ιιι
584 2463 727 2528 exterius
750 2463 926 2537 natendo,
950 2463 1014 2524 ιιι
1005 2478 1083 2530 inte·

59 2545 114 2608 rius
133 2549 329 2614 retinendo,
349 2549 415 2612 Sed
438 2548 694 2615 Ghristianorum
717 2547 831 2623 virtus,
853 2549 932 2610 Deo
949 2549 1084 2613 favente

61 2633 244 2710 praevaluit,t
270 2649 315 2702 et
325 2634 371 2696 sic
392 2635 576 2698 Sarracenis
599 2648 714 2696 eatena
736 2647 865 2714 erepta,
893 2634 1085 2698 afidelibus
1158 2701 1165 2712 ,

56 2732 169 2782 retenta
194 2735 255 2784 est.
304 2719 349 2782 In
371 2719 534 2800 ejusdem
545 2739 627 2782 vero
650 2734 785 2784 catenae
808 2718 1028 2786 contentione
1044 2721 1084 2782 ab
1138 2786 1141 2792 ,

44 2798 134 2866 ¹intus
153 2819 185 2870 et
204 2807 248 2877 de
275 2803 354 2868 foris
377 2825 414 2868 ao
445 2803 594 2886 quinque
627 2813 883 2886 mangenarum
898 2805 1085 2870 defectione

62 2885 195 2952 frustra
174 2911 252 2972 Jarn
281 2889 412 2957 deintus
437 2888 649 2972 jactantium,
680 2889 766 2963 dux,
799 2887 857 2969 qui
882 2887 918 2951 in
936 2890 1087 2970 eminen·
1154 2955 1155 2960 ,
1270 2955 1273 2968 ,

62 2969 130 3036 tio're
149 2975 330 3053 coenaculo
353 2973 432 3038 arcis
454 2975 640 3038 obtinuerat
662 2973 887 3050 mansionem,
910 2976 1010 3038 omne
1034 2997 1087 3057 ge·

61 3074 113 3118 nus
129 3043 309 3146 jaculorum
331 3071 563 3160 saxorumque,
584 3059 621 3122 ιιι
641 3059 790 3133 medium
813 3059 932 3160 vulgus
957 3063 1088 3159 eouglo

62 3139 194 3206 batorum
215 3162 292 3229 cum
314 3145 380 3210 suis
401 3145 619 3226 intorquebat,
642 3161 674 3208 et
696 3159 815 3208 stantes
835 3145 869 3205 ιιι
887 3151 993 3219 muro,
1016 3145 1088 3210 sine
1156 3152 1163 3183 “·
1195 3219 1198 3227 ,

62 3217 286 3296 intermissione
324 3253 346 3296 a
379 3231 554 3309 moenibus
595 3231 768 3294 arcebat.
797 3231 881 3292 Tres
923 3229 1087 3313 siquidem

64 3312 305 3404 Christianorum
327 3337 511 3400 mangenae
533 3315 604 3381 sine
626 3317 776 3396 requie,
774 3313 975 3384 incessabili
998 3317 1128 3398 jactu?
1166 3313 1216 3380 ξι.
1263 3293 1268 3302 ,

55 3401 180 3469 ¹noenia
200 3405 453 3478 transvolabant,
475 3419 514 3466 er
531 3402 684 3464 custodes
705 3401 784 3464 hinc
806 3415 841 3463 et
856 3401 938 3468 hinc
961 3423 1086 3474 amos

64 3481 145 3548 nibus
174 3488 311 3587 longe
307 3507 439 3564 recessu
469 3488 702 3553 absterrebant.
766 3485 827 3550 Ad
859 3482 955 3570 haee
974 3486 1087 3554 fratres

65 3572 296 3651 praenominati,
315 3556 480 3638 Ludollus
504 3584 537 3660 et
556 3573 788 3656 Engelbertus,
810 3549 963 3636 videntes
985 3574 1089 3642 Sarra
1109 3593 1113 3603 “
1142 3613 1144 3616 -
1176 3600 1180 3616 2

56 3668 150 3717 senos
176 3657 250 3720 ocio
278 3673 426 3740 torpere,
455 3673 489 3722 et
509 3678 644 3720 manus·
649 3677 667 3719 a
690 3655 885 3730 defensione
906 3657 1088 3736 continere,

27 3809 28 3812 Ἴ
65 3750 154 3816 atque
180 3764 222 3808 ex
244 3759 400 3824 utroque
431 3745 531 3814 latere
565 3740 739 3807 moenium
775 3742 906 3826 procul
934 3743 1088 3810 absistere
1138 3805 1140 3821 ,
1223 3753 1226 3762 ’

40 3837 188 3910 ‘propter
207 3847 447 3928 mangenarum
485 3841 755 3929 caeterorumque
793 3823 975 3910 impetum,
1016 3830 1126 3920 sinu

64 3919 166 3987 mora,
190 3913 283 3980 sicuti
304 3936 400 3978 muro
421 3929 514 3978 erant
535 3913 721 3998 propiores,
754 3923 772 3976 a
802 3917 949 3980 secundo
972 3932 1087 3982 coena

65 3991 165 4074 culn,
156 4018 190 4064 ιιι
210 4003 279 4106 quo
299 3999 488 4082 manebam,
509 3999 675 4085 porrectis
686 3999 864 4116 arboribus,
887 4016 921 4092 et
941 3999 976 4068 iu
997 4018 1087 4062 moe·

973 4087 1082 4158 ,hia
1138 4079 1148 4148 ’,
1236 4153 1238 4160 ,
