2664 4754
902 347 911 375 b

996 381 1000 392 “
1037 379 1041 406 l

135 523 140 532 .
222 409 303 490 380

186 607 188 614 '
219 594 266 684 a)
294 535 373 662 A..
357 595 417 660 Β
447 589 496 660 A.
524 588 738 673 Heinricb
756 589 816 656 Η.
840 547 1141 673 vorr'Eugland
1162 593 1273 658 iiber
1320 659 1321 676 ἦ

235 716 241 724 -
306 680 375 746 die
401 679 557 746 Frevel
578 677 651 742 der
672 673 954 752 Geistlichen,
975 677 1059 760 und
1080 677 1272 742 Thomas

308 767 473 842 Beclret,
500 779 611 846 1170·

217 885 226 900 ’
264 905 305 972 Β.
335 899 537 966 Richards
565 897 636 966 des
663 895 696 961 1.
723 895 942 981 Krdnung‚
982 895 1070 960 und
1096 875 1172 968 die
1204 897 1272 962 Ju·

256 1059 261 1071 ⁸
307 989 403 1066 den,
431 997 543 1067 1189.
636 1036 639 1045 .

305 1184 354 1250 A.
395 1185 497 1258 lacta
524 1197 575 1250 est
603 1178 743 1246 turbatio
773 1200 844 1242 non
865 1179 997 1245 modica
1017 1139 1120 1267 super
1137 1203 1271 1266 praero-

212 1270 330 1356 ›gativa
362 1270 484 1353 ordinip
516 1267 682 1334 clericalis.
751 1269 847 1357 Rege
880 1266 1003 1349 quippe
1034 1269 1119 1335 circa
1153 1290 1272 1332 curam

204 1357 315 1442 ›regni
334 1355 505 1438 satagenti,
536 1352 817 1418 etmalefactores
846 1351 921 1418 sine
950 1355 1080 1416 delectu
1114 1353 1271 1418 extermi-

151 1507 155 1514 ,
219 1444 291 1506 nari
315 1441 462 1522 jubenti,
494 1462 513 1504 a
536 1437 702 1522 judicibus
731 1435 917 1500 intimatum
948 1455 1014 1513 est,
1047 1439 1137 1520 quod
1162 1442 1271 1502 multa

220 1543 333 1592 contra
354 1518 559 1607 disciplinam
581 1519 763 1606 publicam,
785 1521 907 1602 scilicet
926 1523 1021 1600 furta,
1041 1517 1192 1607 rapinae,
1215 1526 1270 1586 bo

219 1611 360 1686 micidia,
382 1633 401 1674 a
423 1611 546 1675 clericis
567 1607 697 1692 saepius
719 1605 1016 1688 committerentur,
1037 1612 1077 1670 ad
1099 1631 1191 1690 quos
1214 1610 1269 1672 sci·
1320 1599 1321 1646 l

218 1697 295 1762 licet
315 1699 418 1778 laicae
440 1717 510 1758 non
531 1709 644 1777 posset
661 1690 892 1773 jurisdictionis
915 1693 1010 1776 vigor
1031 1696 1176 1760 extendi·
1201 1699 1269 1758 De·
1320 1711 1321 1724 ³

117 1805 126 1814 ·
217 1782 320 1862 nique
341 1783 413 1864 ipso
436 1781 592 1846 audiente
615 1778 815 1840 declaratum
838 1777 969 1854 dicitur,
991 1780 1170 1861 plusquam
1195 1802 1266 1843 cen·

217 1885 288 1930 tum
309 1866 485 1930 homicidia
506 1865 590 1928 intra
610 1865 694 1926 fines
715 1861 902 1944 Angtiaca
924 1865 1047 1928 clericis
1072 1868 1265 1948 sub-reguo

217 1953 290 2032 ejus
313 1951 497 2016 commissa.
528 1949 756 2037 Quamobrem
779 1949 842 2012 acri
864 1963 958 2012 motu
979 1953 1123 2015 turbatus
1145 1950 1185 2012 in
1208 1949 1266 2032 spi·

215 2039 281 2100 ritu
308 2033 503 2100 vehementi
530 2051 643 2098 contra
671 2031 897 2098 malefactores
925 2035 1059 2098 clericus
1088 2035 1204 2118 posuit
1225 2039 1266 2098 le·

121 2172 122 2175 η
216 2141 292 2204 ges,
319 2121 353 2182 in
376 2121 497 2210 quibus
519 2117 633 2198 utique
661 2117 772 2180 zelum
797 2119 940 2198 justitiae
964 2107 1114 2201 publicie
1136 2121 1262 2202 habuit,

112 2225 116 2234 '
215 2207 276 2270 sed
292 2207 415 2270 servor
426 2205 683 2268 immoderatior.
699 2203 838 2266 modurn
860 2207 1008 2270 excessit.
1052 2208 1139 2270 Sane
1163 2206 1262 2286 hujus

126 2325 128 2331 v
211 2291 499 2378 immoderationis
524 2289 644 2373 regiae,
676 2287 777 2350 nostri
801 2289 956 2372 temporis
989 2289 1163 2380 episcopos
1201 2306 1264 2352 tan·

215 2395 286 2442 tum
308 2377 437 2460 respicit
458 2377 573 2458 culpa,
601 2387 761 2456 quantum
784 2376 824 2436 ab
847 2378 896 2440 eis
918 2377 1075 2458 processit
1097 2393 1131 2440 et
1153 2397 1261 2440 causa.

214 2467 301 2530 Cum
323 2465 412 2526 enim
436 2463 518 2524 sacri
539 2459 743 2543 praecipiunt
765 2479 926 2534 canones,
959 2461 1094 2524 clericos
1116 2483 1192 2524 non
1213 2481 1261 2524 so·

57 2571 60 2578 ’
106 2616 109 2625 f
211 2551 283 2612 lum
304 2548 526 2620 facinorosos,
549 2545 584 2608 id
606 2561 671 2618 est,
693 2541 895 2625 gravioribus
918 2546 1100 2612 haereticos
1124 2545 1261 2610 crimini·

214 2639 293 2708 bus,
326 2649 444 2696 verum
467 2633 566 2696 etiam
587 2631 754 2695 leviorum
784 2631 957 2699 criminum
978 2653 1053 2696 reos
1076 2632 1259 2714 degradari,

214 2737 248 2784 et
278 2732 326 2780 tot
350 2718 451 2782 millia
479 2718 614 2792 talium,
648 2732 805 2794 tanquam
832 2717 1019 2784 innumeras
1048 2717 1134 2782 inter
1155 2738 1259 2800 pauca

213 2825 313 2886 grana
332 2804 452 2884 paleas,
469 2801 762 2882 ecclesiaAnglica
779 2801 958 2866 contineat:
982 2819 1120 2884 quantos
1141 2825 1161 2866 a
1181 2803 1260 2864 mul·

192 2892 251 2969 gris
279 2904 366 2952 retro
398 2889 494 2950 anuis
511 2887 656 2950 'cle'ricos
684 2885 719 2946 in
747 2885 873 2968 Anglia
902 2888 1036 2974 contigit
1064 2889 1177 2950 officio
1201 2887 1257 2970 pri-

211 2976 303 3038 vari?
330 2975 465 3056 Nempe
487 2972 644 3056 episcopi,
666 2973 746 3034 dum
766 2971 985 3038 defendendis
1008 2974 1109 3056 magis
1128 2975 1256 3043 clerico·
1319 3033 1320 3042 ,

209 3083 284 3122 rum
311 3057 512 3122 libertatibus
542 3059 598 3120 vel
627 3052 854 3139 dignitatibus,
889 3077 991 3146 quam
1020 3079 1139 3122 eorum
1170 3055 1254 3121 vitiis
1319 3077 1320 3116 1

211 3144 410 3228 corrigendis
439 3141 693 3221 resecandisque
716 3142 907 3226 invigilant,
941 3145 1134 3206 arbitrantur
1167 3147 1254 3206 obse·
1319 3149 1320 3194 l

210 3229 329 3310 quium
362 3240 398 3292 se
431 3245 594 3310 praestare
616 3231 695 3290 Deo
729 3243 763 3292 et
796 3229 964 3304 ecclesiae,
997 3227 1254 3294 sifacinorosot
1319 3241 1320 3258 ¹

210 3313 364 3387 clericos,
400 3333 484 3394 quos
499 3333 566 3394 *pro
590 3311 688 3376 officii
711 3313 821 3393 debito
845 3316 1022 3384 canonicae
1044 3313 1162 3396 vigore
1186 3333 1253 3376 cen·

211 3421 306 3462 surae
329 3405 480 3464 coercere
503 3399 559 3460 vel
581 3399 709 3474 nolunt,
731 3392 996 3481 velnegliguist,
1019 3417 1129 3464 contra
1156 3397 1253 3481 publi·

212 3503 292 3569 cam
307 3500 460 3546 tueantur
480 3477 695 3565 disciplinam,
743 3485 845 3547 Unde
868 3483 975 3548 clerici
997 3484 1110 3565 quiin
1133 3500 1252 3548 sortem

202 3569 351 3633 'Domini
370 3568 488 3644 vocati,
507 3584 662 3649 tanquam
681 3569 793 3634 stellae
810 3568 844 3630 in
862 3569 1069 3636 firmamento
1087 3569 1176 3633 coeli
1197 3567 1252 3652 'po

188 3657 301 3728 sitae,
332 3653 399 3718 nita
421 3670 454 3720 et
474 3656 580 3718 verbo
602 3655 714 3718 lucere
737 3650 898 3718 debererit
919 3675 1017 3736 super
1039 3671 1181 3730 terrams
1203 3656 1252 3716 ha·
1318 3691 1319 3698 κ

211 3745 328 3806 bentes
362 3761 420 3822 per
451 3738 680 3821 impunitatem
714 3739 832 3822 agendi
861 3743 1086 3820 quodcunque
1114 3740 1250 3812 libuerit,

210 3825 374 3890 licentiam
399 3841 431 3890 et
452 3825 652 3890 libertatem:
689 3845 801 3906 neque
823 3827 956 3900 Deum,
981 3827 1074 3906 cujus
1093 3826 1249 3907 judicium
1318 3905 1319 3908 Ἴ

197 3913 335 3974 'tardare
363 3910 511 3984 videtur,
544 3931 656 3990 neque
686 3911 839 3974 homines
872 3927 1064 3992 potestatem
1096 3911 1248 3975 habentes
1318 3915 1319 3992 3

209 4005 424 4090 r‘eyercntur,
453 4015 528 4062 cum
551 4012 583 4062 et
606 3994 799 4080 episcopalis
823 3995 904 4060 circa
926 4017 985 4062 cos
1007 3997 1194 4068 sollicitudo
1216 3994 1248 4054 sit

435 4125 438 4132 ,
471 4112 474 4121 ·
1190 4084 1247 4142 lan·
