2628 4748
686 333 691 366 l

1000 348 1094 488 'dri'

53 569 190 658 repent&
211 565 271 632 sio
287 577 506 642 attonuerat,
513 583 539 627 a
562 583 601 654 se
629 527 747 630 mutuo
774 564 936 668 sciscitari.
974 563 1088 640 Alios
1156 623 1159 634 ,

55 673 164 720 autem
184 653 311 737 obstipo
334 651 469 752 quiderp
492 641 614 730 capite,
631 643 704 716 sed
725 656 854 718 arrectis
876 656 1007 722 attribue
1028 680 1089 740 per

53 743 172 826 plateas
194 739 281 802 urbis
303 715 546 800 conventicula
556 734 731 811 facientes,
763 740 868 802 varias
897 763 996 825 super
1024 743 1089 808 boc
1136 744 1145 764 '
1179 788 1181 800 ·

55 829 281 926 dissonasque
297 822 464 904 proferre
476 819 664 884 sententias.
714 823 945 890 Plurimoruru
977 829 1091 894 tamen
1171 895 1173 904 ,

54 911 134 974 circa
152 907 186 970 id
210 911 398 972 versabatur
420 905 550 988 bpinio,
577 919 615 968 ut
634 905 810 986 Majonis
801 909 955 974 instinctu
976 917 1142 1014 regeps

55 999 93 1060 ad
113 993 395 1074 archiepiscopum
417 1012 456 1054 ea
476 1005 583 1056 nocte
597 1005 791 1068 venturum,
820 993 856 1056 in
877 995 1024 1078 ipsaque
1037 998 1093 1064 via

54 1083 223 1144 crederent
245 1077 474 1140 occidenduuu
506 1075 557 1140 At
571 1076 753 1141 Mathaeus
773 1081 946 1158 Bouellus,
968 1083 1025 1145 ubi
1046 1083 1092 1150 vi·
1169 1111 1173 1118 ·

56 1169 108 1230 det
128 1151 269 1226 ιιιιιὶιιιιιι
289 1161 351 1225 sibi
366 1175 558 1244 promptam
580 1161 748 1224 audaciam
770 1185 840 1248 nou
863 1167 990 1242 deesse,
1022 1169 1093 1235 Ma
1169 1233 1173 1247 ¹
1221 1203 1225 1210 ·

53 1251 164 1348 jonem
181 1252 223 1320 ab
243 1247 488 1330 archiepiscopo
505 1245 586 1310 satis
598 1235 775 1323 commode
793 1249 941 1330 detineri,
960 1269 1095 1320 nostem
1125 1325 1127 1332 ,

56 1333 187 1400 interim
201 1331 417 1396 nihilominus
440 1346 626 1414 opportune
644 1351 717 1402 suas
736 1337 863 1400 mundo
881 1340 1057 1402 tenebras
1049 1359 1096 1412 ru·
1113 1381 1114 1386 ι
1145 1351 1165 1363 ’·

55 1421 175 1504 jecisse,
197 1417 342 1520 prinlum
366 1417 503 1482 in¹Via
513 1419 687 1498 Conperta,
716 1418 758 1480 ab
778 1417 905 1487 eisdem
928 1413 1113 1524 archiepisx

58 1506 127 1589 copi
148 1502 286 1572 aedibus
309 1505 350 1565 ad
372 1503 528 1648 palatiurp
557 1500 642 1586 regis
668 1517 842 1602 protensa,
872 1527 940 1587 qua
965 1509 1096 1592 Majoni

58 1595 138 1674 iuga
198 1609 282 1654 erart
309 1603 453 1672 poterat,
485 1589 664 1674 plerosque
693 1585 834 1652 militum
860 1614 922 1675 per
953 1615 1097 1678 congrua

60 1764 141 1826 culte
161 1759 351 1860 praemupit
371 1759 511 1858 insidiis,
534 1757 572 1822 ιιι
593 1755 638 1821 sio
660 1759 717 1822 ubi
737 1761 824 1826 forte
850 1785 911 1845 per
931 1763 1097 1844 Venulas,

59 1678 125 1740 loca
152 1582 314 1758 ‹iisponitr
357 1673 478 1740 dehinc
500 1693 592 1764 eam,
624 1693 690 1754 qua
718 1676 907 1742 transiturus
928 1694 1024 1754 erat,
1046 1699 1097 1742 oc·
1165 1663 1200 1708 *¹
1269 1751 1273 1762 ¹

61 1862 95 1922 ut
115 1847 219 1928 vulgd
242 1827 405 1920 ιιίιίιιιι,
396 1867 431 1910 tu
455 1833 525 1907 vias
547 1843 624 1906 alies
647 1845 821 1910 lateraliter
842 1849 1009 1926 effluebat,
1030 1844 1146 1916 eas-'¹
1197 1909 1224 1932 ·.

62 1935 132 1998 dem
153 1930 311 1995 militibus
334 1929 400 1992 suis
421 1927 561 2010 provide
582 1927 743 1998 distribuit
765 1935 1005 2014 observandam
1037 1941 1099 1999 tbr·
1123 1957 1125 1967 ’

60 2022 129 2084 bae
138 2037 288 2115 quopue,
310 2035 406 2114 quae
419 2007 592 2114 Majonem
613 2011 820 2096 sequebatur,
843 2021 1005 2119 quosdam
1026 2041 1102 2084 suo·
1165 2019 1169 2024 ’

60 2127 130 2168 ιιιπι
157 2115 370 2188 praeceperat
396 2099 582 2163 immisceri.
626 2103 717 2190 Ipse
735 2123 811 2164 cum
832 2104 944 2184 paucis
966 2107 1007 2168 ad
1028 2127 1100 2186 pnr-

11 2211 14 2227 ·
62 2205 122 2252 tam
144 2203 280 2252 sauctae
296 2185 448 2270 Agathos
472 2201 651 2251 exeuntem
674 2187 893 2270 praevenire
891 2187 1102 2254 constituerat
1161 2215 1163 2224 ι

63 2275 289 2348 Admiratum,
321 2292 488 2350 eumque
488 2271 599 2332 locum
621 2274 755 2352 putabat
782 2289 1007 2377 opportunum
1028 2273 1101 2370 insi·

12 2365 15 2383 ⁸
66 2361 132 2434 diis,
150 2381 192 2423 eo
218 2358 309 2458 quod
330 2357 375 2419 ibi
397 2357 450 2419 via
471 2339 649 2436 plurimum
672 2370 825 2432 coartata,
849 2343 1004 2441 deinceps
1027 2361 1101 2426 sese
1140 2356 1142 2363 ’

67 2443 303 2528 dispergebat
294 2464 329 2504 m
359 2441 508 2518 trivium,
542 2455 575 2504 et
595 2441 821 2522 praecedentis
850 2445 981 2524 culpam
1004 2465 1102 2526 angu

66 2531 156 2607 stiae,
184 2529 375 2596 dilatatione
401 2527 540 2618 prodiga
567 2527 759 2590 redimebat.
801 2529 922 2608 Itaque
951 2528 1044 2594 ubi
1026 2549 1103 2610 Jaru
1202 2487 1211 2603 ,V
1260 2536 1263 2548 '

66 2615 275 2693 Admiratum
296 2609 406 2676 visum
427 2627 533 2676 estre
554 2633 670 2694 parum
697 2615 785 2680 bene
811 2629 903 2698 gesta
923 2613 1104 2690 discedere,

67 2701 162 2802 pubet
178 2697 445 2787 archiepiscopus
460 2699 546 2760 fores
550 2696 820 2796 diligentissime,
842 2699 1122 2798 quamprimum·
1187 2690 1206 2718 ”
1255 2713 1258 2722 ¹

69 2786 187 2862 exierit,
213 2784 366 2850 obserari.
410 2781 525 2846 Cum
516 2781 612 2864 igitur
633 2783 789 2866 episcopo
807 2781 1026 2860 Messanensi,
1047 2781 1106 2864 qui

69 2869 134 2954 ejus
155 2870 261 2934 lateri·
272 2869 482 2943 adhaerebat,
499 2869 704 2948 colloquens,
725 2890 836 2958 prope
847 2871 959 2934 locum
976 2869 1104 2936 insidia-
1115 2880 1117 2884 '
1212 2860 1214 2871 '

70 2975 155 3032 turn,
177 2957 213 3020 iu
235 2954 310 3018 viae
328 2954 396 3035 jam
419 2953 581 3036 augustias
601 2944 784 3036 incidisset,
798 2955 1105 3054 subitoMathaeus,
1127 2961 1132 3008 3

71 3041 210 3104 notarius
239 3041 315 3122 ejus
338 3037 534 3113 familiaris,
553 3053 586 3102 et
606 3033 806 3120 Adenolfus
821 3041 1026 3130 camerarius,
1047 3039 1106 3104 vix

72 3126 234 3206 sequentis
255 3128 369 3190 turbae
387 3123 633 3188 multitudinem
649 3121 862 3201 transeuntes,
883 3125 924 3188 ad
942 3147 1021 3190 eum
1036 3146 1108 3206 per·
1192 3131 1199 3143 '

73 3212 225 3289 veniunt,
253 3211 406 3310 ejusque
427 3209 496 3274 auri
523 3209 786 3286 immurmurant,
828 3212 1023 3297 Mathaeum
1044 3213 1108 3310 Bp-

70 3299 210 3362 πειιιιιπ
222 3319 298 3360 curn
326 3294 492 3378 plerisque
518 3294 674 3358 militibus
697 3297 826 3371 armatis
847 3283 955 3366 visum
977 3316 1053 3378 esse·
1072 3295 1108 3358 iu
1168 3338 1189 3352 ,ι

56 3378 245 3460 insidiis,
236 3403 411 3465 ipsumque
435 3381 636 3456 abeodem,
665 3380 747 3444 sicut
768 3379 953 3458 audierant,
985 3369 1108 3446 debere

64 3465 217 3531 interdici.
260 3470 358 3530 Tunc
379 3467 472 3547 Majo
495 3481 582 3528 stans
610 3483 647 3530 ac
674 3466 771 3532 subiti
792 3466 869 3528 diali
890 3487 1023 3531 rumore
1046 3483 1108 3529 tur·

73 3553 180 3628 batus,
209 3552 406 3619 Mathaeum
424 3552 614 3620 Bonellum
643 3551 684 3613 ad
712 3571 747 3616 se
774 3551 930 3634 praecipit
951 3549 1109 3616 accersiri
1141 3573 1144 3579 ’
1209 3564 1214 3570 ·
1291 3611 1293 3646 5

74 3635 122 3700 At
141 3637 197 3701 ille
219 3637 363 3700 sentiens
382 3637 566 3735 revocari,
598 3656 723 3718 suaque
744 3637 953 3718 Majuuenr
940 3659 1010 3718 pam
1037 3657 1109 3700 nou

74 3719 172 3786 latere
177 3716 337 3822 cpnsilia,
347 3707 483 3814 prosilit
505 3743 548 3786 ex
567 3719 701 3798 insidiis,
722 3721 897 3821 strictoque
913 3721 1026 3821 'gladio
1048 3737 1107 3786 ter
1183 3708 1189 3733 “

73 3799 223 3871 ribitu
194 3829 226 3870 er
246 3821 383 3889 repente
406 3801 614 3954 superveni&
652 3807 697 3876 Et
718 3829 807 3883 ecce,
829 3807 961 3888 inquit,
980 3809 1107 3884 adsum,
1174 3807 1182 3832 l

76 3910 97 3949 o
117 3892 271 3972 proditor,
297 3893 516 3991 pessundatae
536 3913 582 3954 no
606 3891 711 3956 illtatis
739 3894 827 3958 ultor
854 3895 1037 3968 velserus,
1069 3904 1107 3958 ut
1124 3889 1150 3953 ἰ
1180 3891 1185 3905 “

75 3977 311 4104 nefandissimis
333 3975 508 4044 sceleribus
530 3975 593 4045 tuis
611 3979 779 4068 modum
768 3979 950 4066 imponam,
971 3997 1109 4178 ιιγιιοιιιιέι
1155 4042 1157 4051 ,

389 4117 392 4123 ι
1003 4085 1074 4132 Sem
