2688 4754
566 451 575 478 b

238 565 493 694 paternarum
522 603 702 686 concessit)
730 617 834 690 regno
861 601 1004 686 priorem
1026 615 1149 668 stamus
1170 601 1275 670 adhuc

239 707 393 770 tenente,
423 715 493 759 uon
520 695 608 756 bella
635 713 752 775 pacem
780 691 1017 790 disturbabant,
1049 711 1121 754 non
1146 693 1275 755 classica

239 779 385 861 quietern
407 780 620 862 rumpebant,
641 799 712 842 ιιοιι
731 775 843 876 rapina
885 778 1080 850 rassabatur,
1102 797 1175 838 ιιοιι
1193 777 1274 846 fides

239 864 468 928 mentiebatur.
530 863 658 927 Adhuc
689 855 832 944 justitia
829 795 898 922 sifi
914 859 1053 942 vigoris,
1087 851 1220 922 adhuc
1225 884 1276 943 po·

159 981 165 996 ι
239 963 349 1018 testas
361 948 411 1012 sui
429 947 509 1030 juris
530 964 609 1012 erat.
622 949 745 1010 Hunc
763 949 895 1010 beatum
913 944 1006 1027 regni
1024 960 1142 1007 statum
1159 945 1274 1030 Agnes

155 1051 158 1059 ¹
240 1033 429 1134 imperatrix
456 1032 680 1108 serenissima,
704 1018 824 1094 virili'
816 1029 939 1112 ingenii
968 1030 1109 1106 femina,
1133 1033 1276 1128 inultum

146 1167 149 1181 .
238 1119 342 1201 juvit,
376 1139 461 1200 quae
489 1139 556 1180 uua
582 1137 658 1180 cum
684 1117 755 1178 filio
781 1113 1016 1216 rempublicam
1029 1115 1109 1196 pari
1127 1115 1205 1196 jure
1226 1110 1275 1197 gu·

92 1245 94 1252 ·
191 1224 192 1228 ¹
240 1203 401 1268 bemavit.
445 1205 510 1268 Sed
537 1201 704 1287 quoniam
722 1216 807 1265 aetas
835 1200 1007 1264 immatura
1034 1221 1149 1282 parurn
1171 1203 1275 1267 timori

242 1303 321 1388 est,
342 1303 375 1352 et
402 1290 482 1387 dum
511 1303 617 1355 metus
646 1289 795 1368 languet,
824 1285 957 1348 audacia
979 1285 1105 1360 crescit,
1134 1289 1272 1368 pueriles

243 1371 322 1472 anni
343 1371 438 1456 regis,
459 1373 568 1436 multis
590 1375 807 1470 suggerebant
829 1371 975 1432 animum
997 1370 1137 1456 sceleris.
1170 1373 1225 1435 I'
1217 1388 1284 1438 rttu.

244 1457 385 1538 quisque
405 1458 577 1534 nitebatur,
594 1455 713 1544 majori
735 1475 771 1520 se
793 1455 946 1535 aequalis,
976 1469 1032 1518 aut
1055 1446 1154 1518 ειὶιιιι
1176 1459 1275 1539 major

70 1603 75 1616 ,
143 1547 153 1610 ..ἐ
242 1543 330 1608 tien:
362 1545 606 1624 multorumque
629 1541 773 1624 potentia
793 1542 915 1604 scelere
939 1541 1052 1604 crevit.
1102 1543 1175 1604 Nec
1198 1543 1274 1624 legis

215 1681 216 1691 ,
242 1643 353 1691 metus
380 1629 467 1690 ullus
494 1643 579 1705 arat,
610 1643 696 1722 quae
724 1628 784 1688 sub
812 1645 889 1708 rege
918 1628 1073 1705 parvulo,
1108 1630 1275 1706 parvulam
1330 1637 1332 1696 ι

244 1713 450 1809 autqritatem
471 1711 628 1790 habebat,
664 1726 697 1777 et
718 1725 755 1773 ut
778 1711 888 1772 omnia
902 1711 1057 1788 licentius
1079 1712 1186 1774 facere
1209 1733 1277 1794 pos

80 1829 110 1846 ·=
171 1833 178 1843 =
245 1813 335 1875 sent,
364 1796 481 1897 primo
492 1819 632 1880 puerum
654 1804 755 1860 matre
777 1797 974 1877 spoliabant,
1003 1795 1107 1876 cujus
1119 1811 1274 1858 maturam

120 1895 122 1903 “
200 1949 203 1956 ,
244 1883 447 1965 sapientiam,
470 1885 654 1966 gravesque
675 1901 784 1944 mores
807 1883 1014 1954 metuebant,
1045 1881 1127 1945 illud
1150 1901 1275 1945 causan

246 1979 313 2030 tes:
344 1989 414 2030 non
442 1970 579 2030 decere
587 1987 726 2050 regnum
755 1965 967 2041 administrari
995 1966 1177 2068 alemina,
1203 1989 1275 2030 curn

245 2053 393 2116 multae
388 2053 531 2144 regipae
561 2053 711 2136 legantur
738 2051 976 2114 administrasse
1003 2049 1089 2113 virili
1110 2053 1275 2138 sapientia.
1331 2053 1332 2064 ’

245 2137 312 2200 Sed
334 2151 506 2236 postquam
528 2158 585 2200 rex
613 2155 698 2218 puer
725 2137 767 2200 de
795 2135 869 2198 sinu
891 2135 998 2198 matris
1021 2139 1274 2214 abstractus,in
1256 2213 1259 2218 Ι

244 2239 364 2283 manus
385 2223 583 2306 principum
589 2221 787 2284 nutriendus
806 2219 912 2295 venit,
942 2219 1097 2302 quicquid
1117 2222 1164 2284 illi
1192 2245 1275 2304 prae·

198 2357 200 2366 .
245 2306 429 2370 scribebant
449 2306 654 2381 faciendum,
682 2321 718 2368 ut
739 2327 822 2388 puer
840 2305 928 2368 fecit.
966 2307 1091 2404 Quem
1113 2310 1273 2384 volebant,

247 2393 417 2492 exaltavit,
446 2414 545 2473 quem
573 2393 731 2454 volebant
759 2389 926 2472 deposuit,
959 2407 1011 2456 ut
999 2389 1091 2472 regi
1120 2410 1181 2454 suo
1209 2416 1274 2459 uon

107 2489 110 2497 ·
237 2487 313 2566 ‚tam
336 2477 540 2552 ministrasse,
563 2498 662 2556 quam
680 2478 856 2557 imperasse
874 2476 990 2538 merito
1008 2468 1165 2541 dicantur.
1193 2481 1274 2542 Cum

165 2552 169 2566 ’
244 2562 338 2656 tegni
361 2583 491 2626 causam
512 2563 696 2636 tractabant,
717 2582 786 2622 non
808 2577 874 2628 tam
893 2562 972 2645 regi,
985 2577 1093 2660 quam
1111 2583 1190 2627 suae
1209 2585 1273 2626 cau·

246 2665 304 2708 sae
326 2647 549 2710 consulebant.
592 2647 702 2725 quue
725 2646 934 2743 praecipuum
964 2647 1010 2710 eis
1039 2646 1130 2708 fuit
1121 2670 1156 2712 ιιι
1178 2649 1273 2710 omni·

147 2772 151 2796 t
215 2757 220 2762 ·
245 2729 308 2792 bus
331 2751 415 2830 quae
438 2746 586 2813 agerent,
620 2747 694 2794 ante
717 2730 828 2792 omnia
849 2750 944 2794 suum
968 2733 1140 2816 quaesiurp
1160 2736 1273 2799 facere

244 2813 323 2878 Fuit
350 2799 433 2880 haec
460 2817 595 2898 perfidia
623 2817 678 2878 vel
700 2817 872 2892 maxima,
895 2818 986 2914 quqd
1007 2837 1082 2877 cum
1105 2819 1196 2898 quasi
1217 2821 1271 2881 sub

244 2900 355 2982 sigillo
374 2899 602 2964 servandum
593 2921 628 2961 rn
650 2899 827 2980 puerilibus
856 2899 952 2964 actis
961 2921 1038 2964 suae
1061 2904 1213 2982 potestati
1229 2926 1271 2966 re·

243 2984 448 3065 linquebant,
471 3001 507 3048 ιιι
528 3001 561 3050 et
582 2985 627 3047 sic
648 2985 804 3050 elicerent
825 2989 863 3048 ab
871 3007 939 3084 ueo,
962 2987 1053 3066 quod
1075 2989 1270 3054 affectabant

244 3071 310 3133 Sed
333 3070 464 3132 cumin
487 3092 560 3134 earn
583 3071 694 3133 aetatis
715 3085 749 3133 et
767 3069 892 3154 ingenii
913 3073 1033 3136 metam
1057 3073 1221 3148 erasisset,
1241 3088 1272 3135 ut
1327 3089 1329 3102 ·

245 3141 326 3233 quid
346 3156 538 3231 honestum,
561 3155 641 3236 quid
663 3171 772 3236 turpe,
795 3155 874 3235 quid
895 3157 991 3232 utile,
1013 3156 1093 3255 quid
1113 3179 1239 3258 non,
1219 3159 1270 3220 dis·
1313 3205 1316 3212 ι

246 3258 381 3304 cernere
399 3247 519 3322 pdss'et,
539 3255 710 3304 retractans
724 3261 807 3320 quae
822 3241 1028 3322 suggestione
1042 3263 1224 3326 principum
1232 3265 1271 3304 tn

133 3365 141 3370 -
205 3402 207 3410 y
240 3323 362 3386 ductus
378 3325 537 3406 gessisset,
558 3327 660 3387 multa
661 3343 761 3424 ‘quae
780 3342 931 3407 gesserat,
954 3327 1136 3390 damnavit:
1160 3329 1270 3410 etipse

203 3473 213 3492 Ι,
240 3405 347 3488 judex
367 3409 418 3472 sui
431 3411 555 3487 factus,
585 3431 627 3474 ex
647 3409 685 3474 iis
708 3412 863 3476 mutanda
884 3413 1030 3476 mutavit.
1080 3413 1271 3488 Prohibebat

245 3511 381 3574 quoque
401 3497 508 3593 bella,
519 3494 721 3568 violentiam,
744 3509 776 3558 et
796 3495 934 3576 rapinas.
957 3497 1130 3564 Nitebatur
1150 3501 1270 3580 pulsam
1325 3473 1328 3516 ⁴

242 3597 359 3676 pacem
383 3594 415 3641 et
417 3579 587 3660 justitiam
608 3599 774 3656 revocare,
801 3581 965 3664 neglectas
987 3583 1077 3664 leges
1098 3583 1269 3656 restituere,

243 3679 278 3726 et
292 3651 436 3726 sceleris
466 3663 628 3728 licentiam
658 3686 829 3728 resecare
867 3661 961 3762 Quos
984 3685 1129 3731 assuetos
1152 3666 1268 3739 sceleri,

240 3769 308 3846 per
324 3743 466 3810 edictum
489 3753 641 3830 eoe'r'cere
662 3771 731 3811 non
753 3751 877 3833 potuit,
903 3771 968 3834 per
994 3773 1166 3816 censuram
1195 3752 1268 3834 legis

242 3849 277 3900 et
294 3831 360 3914 jus
370 3833 495 3910 curiae,
524 3835 631 3898 mitius
652 3849 762 3898 tamen
785 3849 881 3916 'quam
905 3837 1001 3920 culpa
1023 3839 1184 3921 exigeret,
1211 3857 1269 3898 cor·

202 3927 203 3934 ’
240 3917 336 3981 rexit.
348 3919 482 4016 Quod
504 3919 549 3981 illi
570 3941 640 3982 non
653 3917 854 4009 justitiam,
863 3923 952 3984 sed
942 3923 1093 4006 mjuriam
1116 3936 1267 4019 putantes,
1301 3963 1305 3970 -

243 4017 278 4070 et
297 4001 359 4086 qui
379 4024 440 4089 per
461 4025 562 4072 omne
583 4005 677 4071 nefas
699 3991 854 4091 ruebant,
875 4009 968 4073 irena
988 4008 1056 4094 pati
1074 4025 1266 4094 respuentes,

1199 4113 1266 4174 qua-

120 3970 124 3978 “
142 3985 151 4012 r

976 4193 982 4225 l
