2682 4756
1024 401 1133 503 ads-

645 529 655 562 ,
696 530 722 539 ..

21 617 23 622 ·
70 607 169 660 turam
191 581 251 674 per
272 585 430 654 annulum
453 603 487 654 et
506 589 678 668 bactdum,
699 607 733 658 et
755 587 953 668 coucedd',
937 584 1103 658 inomni

70 683 126 744 bus
144 675 287 759 ecclesiis
302 676 376 740 fieri
391 677 587 742 electionem
609 694 643 742 et
652 678 793 762 liberam
810 678 1103 750 consecrationem.

70 756 296 828 Possessiones
325 775 359 824 et
384 760 504 844 regalia
532 748 620 827 beati
647 743 777 838 Petri,-
767 783 873 844 quae
903 759 1102 856 aprincipio

71 849 164 928 hujus
188 843 367 944 discordiae
389 866 506 948 usque
518 848 560 932 ad
582 809 776 916 hodiernam
795 849 894 924 diem
917 847 989 912 sive
1006 844 1103 926 pitris
1137 882 1168 906 ·.

70 933 132 998 mei
151 949 309 1012 tempore,
331 931 403 995 sive
421 929 518 996 etiam
539 953 627 1008 meo,
649 935 753 996 ablata
774 947 859 1008 sunt,
882 953 968 1014 quae
984 932 1105 1004 habeo,
1133 958 1136 968 ¹

70 1033 196 1082 sanctae
218 1019 391 1080 Romanae
413 1017 569 1094 ecclesiae
591 1018 745 1094 restituo,
781 1039 866 1099 quae
893 1033 1008 1084 autem
1034 1035 1106 1076 non

69 1104 192 1176 habeo,
213 1116 249 1163 ut
269 1100 492 1180 restituantur,
524 1094 669 1168 fideliter
694 1104 848 1184 juvabo:
873 1099 1105 1184 Possessioues
1191 1125 1194 1131 ’

69 1188 183 1254 etiam
198 1185 348 1270 omnium
381 1187 591 1251 ecclesiarum
624 1188 769 1264 aliarum,
802 1203 835 1250 et
853 1175 1072 1281 {principum
1074 1196 1107 1246 et

45 1261 207 1335 'aliorum
236 1281 301 1336 tam
324 1263 516 1335 clericorum
545 1293 643 1352 quam
662 1272 831 1336 laicorum
856 1270 996 1339 consilio
1024 1267 1109 1352 priu-

58 1358 246 1438 'cipumque
265 1355 419 1436 justitiae,
442 1377 522 1436 quas
545 1358 671 1432 habeo,
691 1357 844 1432 reddamp
861 1371 943 1436 quas
963 1375 1034 1418 non
1054 1354 1109 1421 ha

71 1445 141 1517 beo,
165 1455 202 1504 ut
222 1441 400 1506 reddantur
416 1441 565 1516 fideliter,
583 1441 727 1524 juvaboa
749 1456 783 1506 et
799 1443 842 1506 do
854 1461 973 1510 veram
992 1459 1110 1536 pacem

70 1526 207 1606 Calixto,
228 1539 424 1624 sanctaeque
438 1528 611 1590 Romanae
628 1524 806 1604 ecclesiae,
817 1541 851 1594 et
868 1525 1038 1604 omuibus,
1053 1519 1111 1604 qui

68 1611 102 1674 in
122 1625 216 1693 parte
237 1631 246 1671 ι
272 1631 337 1673 stus
360 1625 436 1673 sunt
458 1627 495 1674 et
510 1610 654 1687 fuerunt,
677 1611 765 1676 etin
788 1611 906 1692 quibus
924 1624 1034 1677 sancta
1044 1611 1110 1670 Ro
1156 1653 1160 1664 r

36 1691 39 1697 ’
68 1717 167 1760 mana
188 1631 327 1760 ecelesia
347 1694 505 1758 aemilium
528 1695 751 1778 postulaverit,
771 1695 912 1760 fideliter
929 1696 1067 1792 juvabo.

149 1783 228 1864 Ego
258 1779 403 1844 Callistus
433 1799 549 1844 servus
557 1801 755 1881 servqrum
779 1774 858 1858 Dei,
894 1778 1020 1846 dilecto
1041 1777 1111 1842 lilio

68 1866 221 1929 Henrico
249 1863 318 1928 Dei
347 1865 446 1948 gratia
481 1845 711 1970 Romanorum
746 1863 933 1950 imperatori
963 1878 1112 1948 augusto,

69 1952 220 2018 concedo
244 1948 425 2018 electiones
445 1941 695 2032 episcoporum
705 1965 738 2018 et
759 1953 913 2016 abbatum
935 1949 1114 2047 Teutonici
1212 1999 1217 2020 .

68 2035 174 2120 regui,
197 2033 256 2116 qui
278 2035 319 2098 ad
339 2056 480 2118 regnum
502 2035 683 2117 pertinent,
705 2037 741 2108 in
761 2037 944 2138 praeseptia
964 2051 1021 2100 tua
1041 2017 1114 2098 fieri
1170 2063 1185 2094 a

69 2125 196 2200 absque
225 2119 364 2184 simonia
393 2135 427 2186 et
454 2120 564 2200 aliqua
592 2121 790 2195 uiolentiaa
801 2135 835 2186 et
862 2121 890 2184 ‘si
911 2140 1004 2204 quae
1025 2119 1114 2184 inter

69 2220 180 2290 partes
203 2203 362 2268 discordia
382 2205 568 2282 emerserit,
588 2207 831 2306 metropolitani
853 2223 887 2274 et
908 2202 1115 2288 comprovin-

24 2359 26 2374 .
70 2293 207 2354 cialium
236 2289 372 2360 consilio
402 2291 458 2354 vel
483 2289 619 2372 judicio,
642 2291 761 2359 saniori
783 2291 864 2372 parti
887 2311 1056 2356 assensum
1081 2303 1115 2354 et
1163 2300 1169 2368 .'
1199 2329 1202 2334 .
1248 2361 1250 2367 ¹

70 2375 234 2441 auxilium
249 2377 423 2474 praebeas.
449 2377 583 2442 Electus
601 2390 711 2440 autem
728 2375 847 2460 regalia
870 2391 929 2460 per
949 2375 1116 2456 sceptrum

71 2477 136 2526 ate
153 2459 302 2542 recipiat,
325 2459 471 2544 exceptis
494 2461 658 2538 omnibus,
682 2478 769 2542 quae
791 2463 832 2526 a'tl
854 2465 1054 2542 Romanam
1065 2477 1126 2532 ec-
1202 2473 1205 2484 ·
1239 2463 1244 2471 ’

70 2547 207 2612 clesiam
229 2543 396 2628 pertinere
415 2560 610 2623 noscuntur,
645 2561 680 2612 et
696 2567 804 2648 '‘qt-tae
821 2541 863 2612 err
892 2544 973 2610 his
961 2565 1036 2628 Jure
1050 2519 1117 2609 tibi

70 2633 203 2707 debes,
201 2629 313 2694 faciat.
355 2631 408 2694 Ex
431 2631 499 2694 aliis
521 2651 603 2696 vero
625 2630 798 2716 partibus
789 2631 929 2714 imperii,
951 2649 1118 2698 consecra·

70 2732 122 2780 tus
152 2716 255 2779 inlra'
270 2734 330 2779 sex
358 2737 490 2782 menses
518 2715 638 2800 regalia
665 2737 726 2800 per
753 2731 918 2816 sceptrum
946 2731 1021 2780 ate
1041 2714 1120 2779 reci·
1166 2758 1194 2774 A·
1256 2772 1258 2782 ,
1294 2721 1297 2728 ’

70 2801 149 2886 piat.
198 2803 255 2864 De
284 2800 404 2912 quibus
431 2823 515 2868 veto
539 2801 799 2883 querimoniam
800 2802 882 2867 mihi
902 2801 1125 2878 feceris,se·
1150 2882 1152 2887 s

22 2904 27 2908 ·
70 2889 225 2951 cundum
245 2877 358 2949 officii
365 2885 432 2952 mei
449 2887 607 2964 debitum,
629 2885 788 2970 auxilium
805 2909 920 2952 meum
936 2887 1118 2972 praestabo.
1189 2923 1193 2930 .

70 2971 130 3038 Do
160 2971 225 3038 tibi
251 2981 380 3038 veram
393 2993 509 3054 pacem
537 2987 571 3036 et
600 2962 768 3050 omuibus,
803 2973 861 3056 qui
889 2973 943 3036 in
951 2988 1042 3064 parte
1064 2986 1121 3034 tua
1218 3033 1230 3052 ᾗ

72 3073 167 3150 suut,
197 3071 254 3120 aut
274 3057 408 3121 fuerunt
429 3073 579 3158 temppre
586 3058 698 3158 hujus
723 3057 920 3124 discordiae·
958 3057 1046 3122 Dola
1064 3059 1122 3120 a'u·

72 3145 120 3208 n'o
151 3139 354 3208 Dominicae
383 3141 611 3208 iucarnationis
644 3159 736 3212 1122
764 3145 830 3210 tx.
859 3145 928 3210 Cal.
957 3131 1122 3208 Octoblis.

72 3225 284 3330 Hujusmodi
302 3227 419 3311 scripta
433 3243 531 3310 atque
548 3221 711 3312 rescripta,
727 3245 860 3330 propter
877 3229 1024 3296 infinitae
1041 3227 1123 3293 mul·

71 3312 226 3378 titudinis
243 3327 459 3390 conventum,
481 3316 555 3382 loco
573 3317 743 3403 campestri
757 3315 850 3396 juxta
863 3315 1022 3380 Rhenum
1038 3315 1123 3382 lecta
1150 3384 1152 3390 ¹

63 3415 173 3478 suut,
207 3397 282 3462 data
313 3413 352 3462 et
366 3408 529 3482 accepta,
544 3414 688 3482 postque
708 3400 918 3464 multimodas
940 3401 1055 3464 laudes
1074 3417 1125 3462 re·
1198 3471 1201 3478 ,

70 3505 151 3548 ιιιιιι
175 3483 386 3568 gubernatori
406 3485 574 3562 redditas,
585 3485 754 3550 celebratis
776 3507 795 3565 a
817 3485 954 3550 domiuo
976 3479 1125 3549 Ostiensi

71 3569 203 3636 divinis
225 3567 452 3656 sacramentis,
480 3569 566 3636 inter
587 3580 673 3653 quae
695 3554 899 3660 dominum
890 3585 1124 3654 imperatorem
1149 3610 1173 3643 ,—
1203 3637 1205 3644 ,

71 3673 155 3719 cum
187 3655 276 3756 pacis
305 3656 420 3718 osculo
448 3671 624 3738 sanctaque
652 3649 899 3734 commuuione,
933 3655 1125 3754 plenissime
1178 3700 1202 3737 .·

70 3737 317 3805 reconciliavit.
359 3740 570 3805 Discessum
582 3756 632 3806 est
660 3745 700 3804 ab
731 3743 899 3806 omuibus
906 3761 982 3806 cum
1004 3737 1125 3808 laetitia

49 3825 220 3891 'infinita
262 3825 419 3890 Alterum
448 3847 586 3908 quoque
604 3827 644 3894 iu
672 3829 757 3892 festo
785 3828 886 3892 sancti
906 3826 1041 3928 Martipi
1062 3823 1126 3887 col
1188 3847 1191 3856 ¹

68 3910 236 3994 loquium
265 3913 443 3994 imperator
473 3925 550 3976 cum
581 3911 797 3996 principibus,
834 3913 893 3995 qui
924 3911 1023 3996 priori
1054 3931 1127 3977 nou

70 3998 229 4076 aderant,
250 4001 451 4086 Babeuborq
475 3997 604 4076 babuit,
636 3999 694 4070 ulai
715 4015 749 4068 et
767 3999 891 4064 carnotis
911 3997 950 4069 iu
967 4017 1027 4069 atta
1046 4011 1127 4060 vota

95 4126 107 4144 ,Α
146 4129 151 4138 .
1050 4100 1126 4144 con
