2682 4756
1039 312 1111 472 ,tu

128 523 129 528 .
327 506 333 518 x
513 527 515 534 ,
585 507 614 530 k'
641 509 647 522 ¹
670 519 684 532 tr

1 605 2 613 ,
53 538 303 625 'seminasset
331 541 422 612 Arrii
449 545 664 612 damnatione
692 541 902 630 praeclarium
941 547 1113 630 pridieque

72 637 158 718 Maii
180 654 296 708 nonas,
319 632 402 696 circa
422 633 725 696 urbis‘tcrritorium
749 651 848 696 castra
870 636 996 709 sedere,
1020 637 1113 698 tertio
1147 708 1151 722 .
1195 677 1198 688 ·

69 743 117 784 ex
134 740 204 802 quo
222 719 471 782 aNichomedia
487 733 691 781 recesserunt
706 719 770 786 die.
792 719 984 802 Antequam
1002 737 1115 782 autem

72 807 270 880 Boemundi
292 806 483 868 adventaret
504 804 682 878 exercitus,
709 819 797 866 tanta
816 804 910 889 panis
932 802 986 868 rbi
1000 803 1115 870 dicitur
1159 799 1185 818 ’“
1254 798 1257 814 ’
1296 877 1299 885 Α

73 889 403 972 extitisse-penuria,
437 905 473 950 ut
493 909 579 950 unus
602 890 694 970 panis
717 907 771 952 aut
796 891 966 968 quincenis
990 905 1045 952 ant
1067 891 1114 955 tri
1194 943 1200 951 ,
1302 885 1305 899 '

66 978 167 1039 cenis
196 977 334 1039 denariis
363 974 565 1039 vendir'etur.
616 975 664 1036 At
691 977 908 1040 Boemundus
934 993 974 1037 nt
1001 979 1112 1052 adluit,
1338 971 1339 978 '

70 1062 233 1124 maximas
257 1081 463 1140 quorumque
486 1059 655 1124 <renalium
682 1061 809 1140 copias,
843 1074 993 1143 terraque
1025 1061 1114 1123 mari·

73 1156 142 1228 que
166 1147 295 1220 evertit3
331 1145 503 1225 statimque
534 1145 684 1206 omniurn
711 1147 790 1208 usui.
808 1144 956 1225 aptorum
980 1155 1114 1228 opulen-

72 1235 119 1303 tia
139 1231 502 1312 repentina‘conflurit.
547 1229 744 1294 Dominicae
773 1251 852 1310 ergo
881 1232 934 1296 die
957 1249 1135 1294 arcanam.

72 1319 139 1392 nis,
166 1338 308 1397 coepere
331 1337 389 1397 pro
412 1315 512 1376 muris
534 1317 651 1376 urbem
673 1315 895 1396 undecunque
923 1319 1115 1398 pervadere,
1161 1337 1162 1340 ’

74 1419 109 1466 et
132 1403 299 1464 machinas
321 1401 496 1476 instruere,
520 1401 631 1480 phalas
654 1401 987 1482 erigere-instaurare
1010 1405 1116 1482 pbala-

1 1522 4 1556 ;
69 1489 176 1562 ricas3
198 1505 367 1574 prurorutn
391 1506 427 1546 ac
448 1487 585 1548 turrium
608 1505 703 1565 gyros
725 1485 950 1564 frequentibus
974 1507 1032 1566 per
1054 1509 1117 1548 am-
1166 1541 1172 1558 ‚

71 1573 182 1649 bitum
211 1572 341 1656 pulsare
368 1567 500 1632 balistis.
560 1571 805 1652 Tanta'autcm
831 1567 1020 1635 animorum
1035 1573 1116 1634 acri·

70 1660 192 1736 monia
219 1656 365 1722 obsessio
394 1655 481 1718 urbis
502 1651 680 1736 finciptmr,
713 1671 750 1718 ut
778 1655 893 1718 solius
911 1655 1002 1718 bidui
1034 1657 1131 1730 infra,
1189 1715 1193 1737 ,

72 1746 235 1826 spatium,
270 1759 383 1806 muros
411 1741 607 1807 effoderent.
639 1742 772 1808 Verum
800 1737 909 1816 Turci,
931 1741 989 1824 qul
1011 1739 1117 1806 bivira-

72 1843 146 1892 tem
182 1827 392 1900 obtinebant,
437 1827 477 1888 ad
511 1827 586 1910 alias
618 1821 751 1906 nuntios
785 1827 929 1892 civitates
964 1829 1116 1909 dirigunt,

47 1917 170 1994 ·quod
194 1915 313 1977 adeos
334 1911 455 1974 scilicet
477 1910 710 1994 opemlaturi,
741 1911 956 1988 conveniant,
990 1931 1032 1976 eo
1061 1914 1117 1976 uti-

33 2057 35 2060 .
69 2021 144 2081 que
167 2001 280 2074 modo,
302 2011 338 2060 ut
359 1995 579 2062 indubitanter
601 2007 660 2077 per'
681 1997 894 2060 meridianam
917 2013 1044 2078 portam
1070 2019 1116 2063 tn·

70 2093 221 2157 tioeant,
251 2081 407 2166 quoniam
438 2105 477 2144 ea
499 2095 570 2162 pars
594 2085 634 2144 ab
656 2084 828 2147 obsidione
851 2083 890 2147 sit
911 2083 1028 2162 libera,
1054 2105 1117 2148 nec

72 2167 230 2253 opitulari
250 2169 439 2232 volentibus
460 2167 525 2228 illic
547 2168 622 2248 ipsis
640 2168 729 2229 ullus
748 2169 890 2233 obsistet.
922 2165 1023 2234 Unde
1043 2189 1116 2233 con·
1164 2237 1167 2250 ,

72 2255 158 2340 tigit,
177 2269 218 2336 'ut
236 2276 275 2317 ea
290 2254 361 2334 ipse
380 2253 445 2325 die,
466 2273 542 2314 cum
555 2255 731 2324 ¹sabbatum
754 2269 827 2334 post
848 2253 987 2318 Domini
1009 2275 1116 2319 ascen·
1232 2301 1234 2306 ψ

72 2334 209 2430 sionem
233 2355 334 2413 esset,
368 2339 535 2414 a¹comite
564 2337 664 2400 sancti
691 2339 816 2418 Egicii,
848 2338 882 2400 et
910 2337 1117 2418 aPodierrse

2 2499 3 2502 Ἴ
72 2426 236 2508 episcopo
258 2439 370 2504 portae
393 2423 497 2485 aditus
520 2423 709 2491 muniretur.
752 2422 883 2486 Accidit
903 2423 948 2485 ibi
969 2443 1020 2488 res
1043 2425 1118 2490 clari

72 2511 218 2574 nomine
247 2509 344 2592 digna
369 2507 533 2572 facinoris.
575 2509 735 2590 Egregius
764 2529 908 2590 namque
938 2529 1049 2573 comes
1078 2515 1117 2572 is·

74 2599 176 2672 dem,
209 2611 285 2661 curn
307 2595 373 2658 fide
402 2589 668 2682 adDominum,
702 2591 883 2656 tumtortts
907 2607 939 2658 et
961 2598 1118 2676 aptusad
1170 2601 1173 2604 '

76 2699 187 2757 arma;
219 2701 283 2743 nec
310 2679 419 2742 minus
447 2678 696 2754 instructissimo
717 2678 840 2742 cinctus
870 2679 1119 2754 exercitu,‘0b·

75 2767 153 2834 vivos
171 2764 304 2834 babuit·
331 2765 570 2842 auxiliariorum
604 2783 727 2828 cuneos
759 2781 972 2846 properantes
1002 2765 1037 2826 in
1070 2788 1118 2832 ur·

75 2855 170 2917 bern.
244 2851 311 2940 Qui
344 2852 454 2933 animo
493 2850 624 2914 divinae
662 2847 807 2910 subsidio
838 2848 961 2912 virtutis
994 2849 1118 2929 innixo,

73 2937 267 3021 aggreditur
287 2935 421 3012 Tomos,
437 2950 469 2997 et
489 2949 629 3016 superat,
651 2934 819 3016 compellit
839 2935 873 2998 iu
895 2938 1024 3016 fugam,
1051 2949 1129 3020 par:

48 3077 50 3084 .
77 3039 226 3104 temque·
241 3041 355 3084 eorum
378 3019 554 3081 maximam
575 3033 710 3082 truncat.
744 3022 809 3084 Sed
827 3022 964 3084 foedere
986 3013 1119 3104 rep'ulsi,
1171 3077 1172 3086 ,

77 3127 187 3170 novas
206 3105 392 3187 ¹intendunt
420 3107 562 3168 conflare
593 3105 718 3190 copiast
752 3120 891 3188 quarum
913 3105 1121 3172 fisi'admini«

78 3193 158 3254 culo
190 3211 265 3254 cum
299 3185 401 3252 multa
434 3191 634 3254 exultatione
670 3193 783 3256 iterare
812 3192 899 3254 bella
927 3193 1118 3269 decernunt,
1191 3210 1215 3225 ’-

1 3349 2 3352 ¹
79 3277 227 3353 advectis
250 3276 368 3358 pariter
382 3295 500 3338 ¹secum
529 3272 679 3350 funibus,
716 3277 834 3356 quibus
854 3293 982 3360 nostros
1004 3279 1117 3359 ligatos

80 3361 303 3426 Gorozaniam
322 3363 494 3424 abductare
515 3376 714 3443 proponunt.
758 3364 833 3424 Hac
855 3380 934 3443 ergo
956 3383 1015 3448 spe
1038 3368 1119 3426 dum

79 3448 286 3511 extolluntur
305 3446 410 3522 inani,
433 3442 474 3508 eit
496 3450 650 3528 supremo
672 3447 808 3520 montis,
831 3447 887 3533 qui
909 3449 979 3510 urbi
1002 3449 1120 3535 prtimi'·
1177 3484 1192 3532 ¹.

79 3535 192 3616 nebat,
214 3525 416 3613 pedetentim
438 3533 518 3595 alter
539 3547 612 3612 post
634 3533 771 3594 alterum
793 3546 938 3615 coep'ere-
955 3535 1119 3618 progredi.
1169 3591 1173 3626 ,

81 3617 152 3706 Qui
174 3641 193 3680 a
214 3616 330 3680 nostris
352 3633 521 3699 gratanter,
544 3634 579 3680 ut
599 3604 749 3692 decebat,
772 3618 910 3700 excepti,
942 3613 1036 3704 caesa
1054 3629 1121 3686 sua
1221 3642 1223 3662 ·

80 3702 203 3787 capita,
247 3723 306 3785 pro
341 3701 527 3766 testimonio
562 3718 749 3766 nostrorum
787 3704 943 3770 victoriae
981 3707 1119 3790 relique·

78 3802 173 3858 runt,
216 3785 312 3879 Quae
336 3803 410 3869 post
432 3791 546 3854 eorum
568 3790 681 3873 fugam
710 3780 829 3852 balistis
858 3808 895 3852 ac
916 3793 1047 3866 fundis,
1077 3793 1119 3855 a'd
1188 3831 1193 3837 -

50 3885 253 3945 ,terrorem
262 3874 434 3956 gentilium
455 3875 706 3955 projiciebantur
721 3875 757 3938 in
774 3878 903 3940 urbem.
935 3875 1118 3940 Atbeatae
1191 3917 1196 3921 -

76 3960 261 4024 memoriae
283 3958 456 4024 Podiensis
480 3960 670 4042 episcopus,
696 3976 731 4026 et
751 3961 853 4026 sancti
873 3959 983 4044 Egidii
1004 3981 1117 4026 comes
1148 3977 1150 3981 ’

1045 4048 1118 4111 Rad-v
