<?xml version="1.0" encoding="UTF-8"?>
<!DOCTYPE html PUBLIC "-//W3C//DTD XHTML 1.0 Transitional//EN"
    "http://www.w3.org/TR/xhtml1/DTD/xhtml1-transitional.dtd">
<html xmlns="http://www.w3.org/1999/xhtml" xml:lang="en" lang="en">
 <head>
  <title>
</title>
<meta http-equiv="Content-Type" content="text/html;charset=utf-8" />
  <meta name='ocr-system' content='tesseract 3.04.00' />
  <meta name='ocr-capabilities' content='ocr_page ocr_carea ocr_par ocr_line ocrx_word'/>
</head>
<body>
  <div class='ocr_page' id='page_1' title='image "./handbuchmerkwrd01raumgoog/handbuchmerkwrd01raumgoog_0205.png"; bbox 0 0 2682 4756; ppageno 0'>
   <div class='ocr_carea' id='block_1_1' title="bbox 58 401 1129 1156">
    <p class='ocr_par' dir='ltr' id='par_1_1' title="bbox 58 401 1129 1156">
     <span class='ocr_line' id='line_1_1' title="bbox 1059 401 1129 482; baseline 0 0"><span class='ocrx_word' id='word_1_1' title='bbox 1059 401 1129 482; x_wconf 80' lang='grc' dir='ltr'>Ῑ79</span> 
     </span>
     <span class='ocr_line' id='line_1_2' title="bbox 80 561 961 648; baseline 0.001 -23"><span class='ocrx_word' id='word_1_2' title='bbox 80 565 192 646; x_wconf 79' lang='lat' dir='ltr'>Terga</span> <span class='ocrx_word' id='word_1_3' title='bbox 214 561 276 648; x_wconf 86' lang='lat' dir='ltr'>dat,</span> <span class='ocrx_word' id='word_1_4' title='bbox 289 573 456 626; x_wconf 75' lang='lat' dir='ltr'>attentus</span> <span class='ocrx_word' id='word_1_5' title='bbox 479 561 624 628; x_wconf 79' lang='lat' dir='ltr'><strong>contexit</strong></span> <span class='ocrx_word' id='word_1_6' title='bbox 645 561 752 645; x_wconf 76' lang='lat' dir='ltr'>puluis</span> <span class='ocrx_word' id='word_1_7' title='bbox 774 578 961 646; x_wconf 80' lang='lat' dir='ltr'>utromque,</span> 
     </span>
     <span class='ocr_line' id='line_1_3' title="bbox 80 651 1043 746; baseline 0.004 -36"><span class='ocrx_word' id='word_1_8' title='bbox 80 651 129 712; x_wconf 85' lang='lat' dir='ltr'>Ut</span> <span class='ocrx_word' id='word_1_9' title='bbox 150 661 270 712; x_wconf 79' lang='lat' dir='ltr'><strong>neuter</strong></span> <span class='ocrx_word' id='word_1_10' title='bbox 290 651 402 714; x_wconf 80' lang='lat' dir='ltr'>videat</span> <span class='ocrx_word' id='word_1_11' title='bbox 424 669 584 746; x_wconf 81' lang='lat' dir='ltr'>quorsum</span> <span class='ocrx_word' id='word_1_12' title='bbox 596 670 676 730; x_wconf 84' lang='lat' dir='ltr'>pars</span> <span class='ocrx_word' id='word_1_13' title='bbox 700 655 798 714; x_wconf 82' lang='lat' dir='ltr'>altera</span> <span class='ocrx_word' id='word_1_14' title='bbox 819 653 967 716; x_wconf 70' lang='grc'><strong>111111111-</strong></span> <span class='ocrx_word' id='word_1_15' title='bbox 1039 685 1043 692; x_wconf 86' lang='grc'><em>·</em></span> 
     </span>
     <span class='ocr_line' id='line_1_4' title="bbox 58 725 1002 830; baseline 0.006 -38"><span class='ocrx_word' id='word_1_16' title='bbox 58 734 209 801; x_wconf 84' lang='lat' dir='ltr'>=Abdita</span> <span class='ocrx_word' id='word_1_17' title='bbox 231 725 409 830; x_wconf 72' lang='lat' dir='ltr'>sylvarum</span> <span class='ocrx_word' id='word_1_18' title='bbox 421 735 498 794; x_wconf 91' lang='lat' dir='ltr'>victi</span> <span class='ocrx_word' id='word_1_19' title='bbox 518 733 644 814; x_wconf 85' lang='lat' dir='ltr'>petiere</span> <span class='ocrx_word' id='word_1_20' title='bbox 666 737 807 818; x_wconf 79' lang='lat' dir='ltr'><strong>Pelasgi.</strong></span> <span class='ocrx_word' id='word_1_21' title='bbox 855 765 858 773; x_wconf 51' lang='lat'><em>¹</em></span> <span class='ocrx_word' id='word_1_22' title='bbox 997 808 1002 818; x_wconf 22' lang='grc' dir='ltr'><em>Υ</em></span> 
     </span>
     <span class='ocr_line' id='line_1_5' title="bbox 81 805 942 918; baseline 0.004 -38"><span class='ocrx_word' id='word_1_23' title='bbox 81 819 208 880; x_wconf 88' lang='lat' dir='ltr'>Occisis</span> <span class='ocrx_word' id='word_1_24' title='bbox 232 821 341 880; x_wconf 87' lang='lat' dir='ltr'>victor</span> <span class='ocrx_word' id='word_1_25' title='bbox 357 819 439 888; x_wconf 83' lang='lat' dir='ltr'>redit</span> <span class='ocrx_word' id='word_1_26' title='bbox 461 820 503 880; x_wconf 86' lang='lat' dir='ltr'>ad</span> <span class='ocrx_word' id='word_1_27' title='bbox 526 839 680 880; x_wconf 84' lang='lat' dir='ltr'>montana</span> <span class='ocrx_word' id='word_1_28' title='bbox 703 805 942 918; x_wconf 75' lang='lat' dir='ltr'>quibusdam,</span> 
     </span>
     <span class='ocr_line' id='line_1_6' title="bbox 80 893 968 1001; baseline 0.007 -36"><span class='ocrx_word' id='word_1_29' title='bbox 80 893 114 965; x_wconf 88' lang='lat' dir='ltr'>Si</span> <span class='ocrx_word' id='word_1_30' title='bbox 138 925 203 984; x_wconf 91' lang='lat' dir='ltr'>qua</span> <span class='ocrx_word' id='word_1_31' title='bbox 225 905 389 984; x_wconf 85' lang='lat' dir='ltr'>pareutu&#39;r</span> <span class='ocrx_word' id='word_1_32' title='bbox 400 905 535 966; x_wconf 86' lang='lat' dir='ltr'>adbuc</span> <span class='ocrx_word' id='word_1_33' title='bbox 527 903 590 1001; x_wconf 76' lang='lat' dir='ltr'>ipsi</span> <span class='ocrx_word' id='word_1_34' title='bbox 612 906 788 971; x_wconf 72' lang='lat' dir='ltr'>certamina</span> <span class='ocrx_word' id='word_1_35' title='bbox 809 922 968 988; x_wconf 81' lang='lat' dir='ltr'>spectans</span> 
     </span>
     <span class='ocr_line' id='line_1_7' title="bbox 79 987 873 1070; baseline 0.008 -20"><span class='ocrx_word' id='word_1_36' title='bbox 79 989 209 1051; x_wconf 82' lang='lat' dir='ltr'>Hostes</span> <span class='ocrx_word' id='word_1_37' title='bbox 232 989 394 1070; x_wconf 79' lang='lat' dir='ltr'>‹ligressos</span> <span class='ocrx_word' id='word_1_38' title='bbox 415 987 471 1050; x_wconf 88' lang='lat' dir='ltr'>ubi</span> <span class='ocrx_word' id='word_1_39' title='bbox 492 990 598 1052; x_wconf 87' lang='lat' dir='ltr'>novit</span> <span class='ocrx_word' id='word_1_40' title='bbox 610 990 751 1052; x_wconf 84' lang='lat' dir='ltr'>Alexius</span> <span class='ocrx_word' id='word_1_41' title='bbox 775 1009 873 1066; x_wconf 80' lang='lat' dir='ltr'>esse,</span> 
     </span>
     <span class='ocr_line' id='line_1_8' title="bbox 79 1073 854 1156; baseline 0.001 -20"><span class='ocrx_word' id='word_1_42' title='bbox 79 1074 235 1136; x_wconf 87' lang='lat' dir='ltr'>Larissea</span> <span class='ocrx_word' id='word_1_43' title='bbox 254 1073 334 1156; x_wconf 82' lang='lat' dir='ltr'>petit</span> <span class='ocrx_word' id='word_1_44' title='bbox 357 1076 460 1136; x_wconf 90' lang='lat' dir='ltr'>multo</span> <span class='ocrx_word' id='word_1_45' title='bbox 484 1092 559 1136; x_wconf 84' lang='lat' dir='ltr'>oum</span> <span class='ocrx_word' id='word_1_46' title='bbox 583 1076 683 1138; x_wconf 83' lang='lat' dir='ltr'>milite</span> <span class='ocrx_word' id='word_1_47' title='bbox 707 1091 854 1141; x_wconf 79' lang='lat' dir='ltr'>castra..</span> 
     </span>
    </p>
   </div>
   <div class='ocr_carea' id='block_1_2' title="bbox 77 1159 1034 1342">
    <p class='ocr_par' dir='ltr' id='par_1_2' title="bbox 77 1159 1034 1326">
     <span class='ocr_line' id='line_1_9' title="bbox 77 1159 869 1240; baseline 0.003 -22"><span class='ocrx_word' id='word_1_48' title='bbox 77 1159 218 1222; x_wconf 83' lang='lat' dir='ltr'>Dimissi</span> <span class='ocrx_word' id='word_1_49' title='bbox 241 1159 347 1220; x_wconf 81' lang='lat' dir='ltr'>castris</span> <span class='ocrx_word' id='word_1_50' title='bbox 362 1160 515 1240; x_wconf 77' lang='lat' dir='ltr'>pedites,</span> <span class='ocrx_word' id='word_1_51' title='bbox 543 1161 718 1240; x_wconf 79' lang='lat' dir='ltr'>maJ&#39;oribus</span> <span class='ocrx_word' id='word_1_52' title='bbox 739 1161 869 1239; x_wconf 81' lang='lat' dir='ltr'>hostem</span> 
     </span>
     <span class='ocr_line' id='line_1_10' title="bbox 79 1240 1034 1342; baseline 0.005 -39"><span class='ocrx_word' id='word_1_53' title='bbox 79 1240 220 1306; x_wconf 85' lang='lat' dir='ltr'>Viribus</span> <span class='ocrx_word' id='word_1_54' title='bbox 243 1259 417 1342; x_wconf 79' lang='lat' dir='ltr'>urgentem</span> <span class='ocrx_word' id='word_1_55' title='bbox 438 1265 508 1310; x_wconf 87' lang='lat' dir='ltr'>non</span> <span class='ocrx_word' id='word_1_56' title='bbox 531 1243 625 1306; x_wconf 85' lang='lat' dir='ltr'>armis</span> <span class='ocrx_word' id='word_1_57' title='bbox 647 1245 733 1311; x_wconf 79' lang='lat' dir='ltr'>fene</span> <span class='ocrx_word' id='word_1_58' title='bbox 756 1249 904 1310; x_wconf 84' lang='lat' dir='ltr'>valentes</span> <span class='ocrx_word' id='word_1_59' title='bbox 983 1295 986 1300; x_wconf 77' lang='lat'><em>.</em></span> <span class='ocrx_word' id='word_1_60' title='bbox 1031 1301 1034 1308; x_wconf 80' lang='grc'>,</span> 
     </span>
    </p>
   </div>
   <div class='ocr_carea' id='block_1_3' title="bbox 80 1325 1253 1412">
    <p class='ocr_par' dir='ltr' id='par_1_3' title="bbox 80 1325 1253 1412">
     <span class='ocr_line' id='line_1_11' title="bbox 80 1325 1253 1412; baseline 0.004 -20"><span class='ocrx_word' id='word_1_61' title='bbox 80 1327 298 1404; x_wconf 86' lang='lat' dir='ltr'>Vincuntur,</span> <span class='ocrx_word' id='word_1_62' title='bbox 313 1325 417 1410; x_wconf 76' lang='lat' dir='ltr'>mijor</span> <span class='ocrx_word' id='word_1_63' title='bbox 438 1349 510 1410; x_wconf 86' lang='lat' dir='ltr'>pars</span> <span class='ocrx_word' id='word_1_64' title='bbox 534 1330 652 1392; x_wconf 85' lang='lat' dir='ltr'>occtdrt</span> <span class='ocrx_word' id='word_1_65' title='bbox 672 1343 706 1393; x_wconf 86' lang='lat' dir='ltr'>et</span> <span class='ocrx_word' id='word_1_66' title='bbox 726 1325 863 1412; x_wconf 70' lang='lat' dir='ltr'>fugitiva</span> <span class='ocrx_word' id='word_1_67' title='bbox 1040 1351 1092 1381; x_wconf 74' lang='grc'>1·</span> <span class='ocrx_word' id='word_1_68' title='bbox 1160 1339 1164 1347; x_wconf 88' lang='grc'>’</span> <span class='ocrx_word' id='word_1_69' title='bbox 1248 1375 1253 1397; x_wconf 56' lang='lat' dir='ltr'>r</span> 
     </span>
    </p>
   </div>
   <div class='ocr_carea' id='block_1_4' title="bbox 24 1403 1103 2351">
    <p class='ocr_par' dir='ltr' id='par_1_4' title="bbox 79 1403 1096 1575">
     <span class='ocr_line' id='line_1_12' title="bbox 79 1403 1096 1496; baseline 0.007 -20"><span class='ocrx_word' id='word_1_70' title='bbox 79 1415 162 1476; x_wconf 88' lang='lat' dir='ltr'>Pars</span> <span class='ocrx_word' id='word_1_71' title='bbox 185 1415 293 1476; x_wconf 87' lang='lat' dir='ltr'>minor</span> <span class='ocrx_word' id='word_1_72' title='bbox 317 1416 473 1480; x_wconf 83' lang='lat' dir='ltr'>abscedit.</span> <span class='ocrx_word' id='word_1_73' title='bbox 501 1403 699 1494; x_wconf 76' lang='lat' dir='ltr'>spoliorum</span> <span class='ocrx_word' id='word_1_74' title='bbox 704 1417 859 1496; x_wconf 90' lang='lat' dir='ltr'>quicquid</span> <span class='ocrx_word' id='word_1_75' title='bbox 883 1419 922 1478; x_wconf 83' lang='lat' dir='ltr'>ab</span> <span class='ocrx_word' id='word_1_76' title='bbox 945 1417 1038 1484; x_wconf 85' lang='lat' dir='ltr'>omni</span> <span class='ocrx_word' id='word_1_77' title='bbox 1091 1435 1096 1444; x_wconf 82' lang='grc'><strong>’</strong></span> 
     </span>
     <span class='ocr_line' id='line_1_13' title="bbox 80 1495 973 1575; baseline 0.002 -13"><span class='ocrx_word' id='word_1_78' title='bbox 80 1499 213 1562; x_wconf 84' lang='lat' dir='ltr'>Victrix</span> <span class='ocrx_word' id='word_1_79' title='bbox 235 1495 326 1562; x_wconf 69' lang='lat' dir='ltr'>narba</span> <span class='ocrx_word' id='word_1_80' title='bbox 338 1503 421 1567; x_wconf 85' lang='lat' dir='ltr'>loco</span> <span class='ocrx_word' id='word_1_81' title='bbox 444 1499 618 1575; x_wconf 75' lang='lat' dir='ltr'>contraxit,</span> <span class='ocrx_word' id='word_1_82' title='bbox 647 1499 848 1563; x_wconf 82' lang='lat' dir='ltr'>Alexiusi</span> <span class='ocrx_word' id='word_1_83' title='bbox 813 1523 833 1564; x_wconf 91' lang='lat' dir='ltr'>e</span> <span class='ocrx_word' id='word_1_84' title='bbox 834 1503 973 1566; x_wconf 83' lang='lat' dir='ltr'>i.lert</span> 
     </span>
    </p>

    <p class='ocr_par' dir='ltr' id='par_1_5' title="bbox 73 1585 974 1669">
     <span class='ocr_line' id='line_1_14' title="bbox 73 1585 974 1669; baseline 0.003 -22"><span class='ocrx_word' id='word_1_85' title='bbox 73 1585 237 1669; x_wconf 31' lang='lat' dir='ltr'>,Nuncius</span> <span class='ocrx_word' id='word_1_86' title='bbox 260 1585 300 1648; x_wconf 75' lang='lat' dir='ltr'>a&#39;d</span> <span class='ocrx_word' id='word_1_87' title='bbox 323 1599 470 1648; x_wconf 83' lang='lat' dir='ltr'>montem</span> <span class='ocrx_word' id='word_1_88' title='bbox 492 1587 691 1654; x_wconf 82' lang='lat' dir='ltr'>Bosmundo</span> <span class='ocrx_word' id='word_1_89' title='bbox 714 1587 858 1666; x_wconf 81' lang='lat' dir='ltr'>pandere</span> <span class='ocrx_word' id='word_1_90' title='bbox 881 1605 974 1652; x_wconf 82' lang='lat' dir='ltr'>casus</span> 
     </span>
    </p>

    <p class='ocr_par' dir='ltr' id='par_1_6' title="bbox 24 1663 1101 2090">
     <span class='ocr_line' id='line_1_15' title="bbox 24 1663 1057 1752; baseline 0.007 -20"><span class='ocrx_word' id='word_1_91' title='bbox 24 1725 32 1736; x_wconf 74' lang='grc'>,</span> <span class='ocrx_word' id='word_1_92' title='bbox 60 1663 258 1738; x_wconf 78' lang='lat' dir='ltr'>¹Adversus</span> <span class='ocrx_word' id='word_1_93' title='bbox 280 1685 449 1752; x_wconf 75' lang='lat' dir='ltr'>properat,</span> <span class='ocrx_word' id='word_1_94' title='bbox 477 1671 533 1752; x_wconf 87' lang='lat' dir='ltr'>qui</span> <span class='ocrx_word' id='word_1_95' title='bbox 555 1689 593 1736; x_wconf 78' lang='lat' dir='ltr'>se</span> <span class='ocrx_word' id='word_1_96' title='bbox 613 1673 801 1749; x_wconf 79' lang='lat' dir='ltr'>speraverat</span> <span class='ocrx_word' id='word_1_97' title='bbox 823 1691 895 1738; x_wconf 82' lang='lat' dir='ltr'>esse</span> <span class='ocrx_word' id='word_1_98' title='bbox 964 1677 969 1692; x_wconf 83' lang='lat'><strong><em>‘</em></strong></span> <span class='ocrx_word' id='word_1_99' title='bbox 997 1702 1002 1711; x_wconf 78' lang='grc'><em>’</em></span> <span class='ocrx_word' id='word_1_100' title='bbox 1055 1711 1057 1722; x_wconf 88' lang='grc'><strong><em>·</em></strong></span> 
     </span>
     <span class='ocr_line' id='line_1_16' title="bbox 80 1753 1094 1836; baseline 0.007 -20"><span class='ocrx_word' id='word_1_101' title='bbox 80 1755 274 1830; x_wconf 78' lang='lat' dir='ltr'>Victorem,</span> <span class='ocrx_word' id='word_1_102' title='bbox 304 1756 422 1821; x_wconf 83' lang='lat' dir='ltr'>victam</span> <span class='ocrx_word' id='word_1_103' title='bbox 446 1771 569 1836; x_wconf 86' lang='lat' dir='ltr'>partem</span> <span class='ocrx_word' id='word_1_104' title='bbox 593 1757 681 1818; x_wconf 86' lang='lat' dir='ltr'>dolet</span> <span class='ocrx_word' id='word_1_105' title='bbox 703 1775 775 1822; x_wconf 82' lang='lat' dir='ltr'>esse</span> <span class='ocrx_word' id='word_1_106' title='bbox 796 1777 950 1822; x_wconf 78' lang='lat' dir='ltr'>suorum:</span> <span class='ocrx_word' id='word_1_107' title='bbox 1091 1753 1094 1764; x_wconf 77' lang='grc'>’</span> 
     </span>
     <span class='ocr_line' id='line_1_17' title="bbox 79 1839 987 1922; baseline 0.004 -19"><span class='ocrx_word' id='word_1_108' title='bbox 79 1839 142 1903; x_wconf 87' lang='lat' dir='ltr'>Nil</span> <span class='ocrx_word' id='word_1_109' title='bbox 165 1854 274 1902; x_wconf 85' lang='lat' dir='ltr'>tamen</span> <span class='ocrx_word' id='word_1_110' title='bbox 295 1841 365 1920; x_wconf 84' lang='lat' dir='ltr'>ipse</span> <span class='ocrx_word' id='word_1_111' title='bbox 388 1861 530 1922; x_wconf 86' lang='lat' dir='ltr'>pavens,</span> <span class='ocrx_word' id='word_1_112' title='bbox 558 1839 695 1912; x_wconf 84' lang='lat' dir='ltr'>&#39;comites</span> <span class='ocrx_word' id='word_1_113' title='bbox 716 1841 778 1903; x_wconf 89' lang='lat' dir='ltr'>sibi</span> <span class='ocrx_word' id='word_1_114' title='bbox 799 1841 987 1907; x_wconf 86' lang='lat' dir='ltr'>dissociatos</span> 
     </span>
     <span class='ocr_line' id='line_1_18' title="bbox 80 1923 1101 2024; baseline -0.003 -35"><span class='ocrx_word' id='word_1_115' title='bbox 80 1925 264 1989; x_wconf 86' lang='lat' dir='ltr'>Associare</span> <span class='ocrx_word' id='word_1_116' title='bbox 287 1923 412 2024; x_wconf 76' lang='lat' dir='ltr'>studet3</span> <span class='ocrx_word' id='word_1_117' title='bbox 440 1941 613 2004; x_wconf 82' lang='lat' dir='ltr'>nequeunt</span> <span class='ocrx_word' id='word_1_118' title='bbox 636 1928 848 1992; x_wconf 84' lang='lat' dir='ltr'>incommoda</span> <span class='ocrx_word' id='word_1_119' title='bbox 869 1945 1043 2014; x_wconf 63' lang='lat' dir='ltr'>menteris</span> <span class='ocrx_word' id='word_1_120' title='bbox 1098 1979 1101 1986; x_wconf 89' lang='lat'><em>.</em></span> 
     </span>
     <span class='ocr_line' id='line_1_19' title="bbox 80 2007 885 2092; baseline 0 -20"><span class='ocrx_word' id='word_1_121' title='bbox 80 2011 273 2076; x_wconf 84' lang='lat' dir='ltr'>Perterrere</span> <span class='ocrx_word' id='word_1_122' title='bbox 297 2007 376 2085; x_wconf 88' lang='lat' dir='ltr'>viri,</span> <span class='ocrx_word' id='word_1_123' title='bbox 405 2013 507 2092; x_wconf 78' lang='lat' dir='ltr'>tnagis</span> <span class='ocrx_word' id='word_1_124' title='bbox 530 2009 702 2080; x_wconf 85' lang='lat' dir='ltr'>¹obsidione</span> <span class='ocrx_word' id='word_1_125' title='bbox 725 2013 885 2074; x_wconf 85' lang='lat' dir='ltr'>solutam</span> 
     </span>
    </p>

    <p class='ocr_par' dir='ltr' id='par_1_7' title="bbox 80 2088 1057 2264">
     <span class='ocr_line' id='line_1_20' title="bbox 81 2088 1057 2196; baseline 0.007 -39"><span class='ocrx_word' id='word_1_126' title='bbox 81 2088 213 2158; x_wconf 85' lang='lat' dir='ltr'>Urbem</span> <span class='ocrx_word' id='word_1_127' title='bbox 236 2095 447 2176; x_wconf 84' lang='lat' dir='ltr'>conqueritur</span> <span class='ocrx_word' id='word_1_128' title='bbox 465 2097 533 2190; x_wconf 70' lang='lat' dir='ltr'>jam</span> <span class='ocrx_word' id='word_1_129' title='bbox 557 2096 693 2172; x_wconf 89' lang='lat' dir='ltr'>victam,</span> <span class='ocrx_word' id='word_1_130' title='bbox 722 2096 856 2196; x_wconf 83' lang='lat' dir='ltr'>jamque</span> <span class='ocrx_word' id='word_1_131' title='bbox 879 2099 1057 2166; x_wconf 87' lang='lat' dir='ltr'>subactam.</span> 
     </span>
     <span class='ocr_line' id='line_1_21' title="bbox 80 2179 815 2264; baseline 0 -22"><span class='ocrx_word' id='word_1_132' title='bbox 80 2179 193 2244; x_wconf 83' lang='lat' dir='ltr'>Marte</span> <span class='ocrx_word' id='word_1_133' title='bbox 215 2182 392 2264; x_wconf 71' lang='lat' dir='ltr'>fatigatos</span> <span class='ocrx_word' id='word_1_134' title='bbox 381 2203 448 2264; x_wconf 64' lang='lat' dir='ltr'>pam</span> <span class='ocrx_word' id='word_1_135' title='bbox 471 2203 539 2246; x_wconf 80' lang='lat' dir='ltr'>nott</span> <span class='ocrx_word' id='word_1_136' title='bbox 562 2184 692 2244; x_wconf 83' lang='lat' dir='ltr'>admota</span> <span class='ocrx_word' id='word_1_137' title='bbox 715 2181 815 2260; x_wconf 84' lang='lat' dir='ltr'>quieti</span> 
     </span>
    </p>

    <p class='ocr_par' dir='ltr' id='par_1_8' title="bbox 79 2245 1103 2351">
     <span class='ocr_line' id='line_1_22' title="bbox 79 2245 1103 2351; baseline 0.005 -23"><span class='ocrx_word' id='word_1_138' title='bbox 79 2267 232 2330; x_wconf 81' lang='lat' dir='ltr'>Tradere</span> <span class='ocrx_word' id='word_1_139' title='bbox 255 2245 415 2330; x_wconf 80' lang='lat' dir='ltr'>ulembra</span> <span class='ocrx_word' id='word_1_140' title='bbox 425 2283 555 2342; x_wconf 87' lang='lat' dir='ltr'>monet,</span> <span class='ocrx_word' id='word_1_141' title='bbox 570 2268 705 2330; x_wconf 86' lang='lat' dir='ltr'>vallem</span> <span class='ocrx_word' id='word_1_142' title='bbox 726 2268 942 2335; x_wconf 84' lang='lat' dir='ltr'>Boamundus</span> <span class='ocrx_word' id='word_1_143' title='bbox 965 2291 1103 2351; x_wconf 84' lang='lat' dir='ltr'>opacam</span> 
     </span>
    </p>
   </div>
   <div class='ocr_carea' id='block_1_5' title="bbox 7 2345 1339 2454">
    <p class='ocr_par' dir='ltr' id='par_1_9' title="bbox 7 2345 1339 2454">
     <span class='ocr_line' id='line_1_23' title="bbox 7 2345 1339 2454; baseline -0.014 -38"><span class='ocrx_word' id='word_1_144' title='bbox 7 2419 11 2430; x_wconf 18' lang='grc' dir='ltr'><strong><em>Ἢ</em></strong></span> <span class='ocrx_word' id='word_1_145' title='bbox 82 2351 189 2414; x_wconf 87' lang='lat' dir='ltr'>Haud</span> <span class='ocrx_word' id='word_1_146' title='bbox 212 2352 325 2432; x_wconf 90' lang='lat' dir='ltr'>procul</span> <span class='ocrx_word' id='word_1_147' title='bbox 333 2353 434 2415; x_wconf 84' lang='lat' dir='ltr'>rude</span> <span class='ocrx_word' id='word_1_148' title='bbox 447 2353 542 2432; x_wconf 81' lang='lat' dir='ltr'>petit,</span> <span class='ocrx_word' id='word_1_149' title='bbox 573 2372 662 2450; x_wconf 87' lang='lat' dir='ltr'>quae</span> <span class='ocrx_word' id='word_1_150' title='bbox 683 2363 796 2423; x_wconf 77' lang='lat' dir='ltr'>cuncta</span> <span class='ocrx_word' id='word_1_151' title='bbox 818 2353 946 2430; x_wconf 85' lang='lat' dir='ltr'>sibique</span> <span class='ocrx_word' id='word_1_152' title='bbox 955 2357 1103 2454; x_wconf 61' lang='lat' dir='ltr'>suisque</span> <span class='ocrx_word' id='word_1_153' title='bbox 1202 2364 1242 2400; x_wconf 57' lang='lat'>¹.</span> <span class='ocrx_word' id='word_1_154' title='bbox 1338 2345 1339 2352; x_wconf 76' lang='grc'>’</span> 
     </span>
    </p>
   </div>
   <div class='ocr_carea' id='block_1_6' title="bbox 61 2435 1143 4120">
    <p class='ocr_par' dir='ltr' id='par_1_10' title="bbox 61 2435 1143 4050">
     <span class='ocr_line' id='line_1_24' title="bbox 82 2435 978 2518; baseline 0.007 -22"><span class='ocrx_word' id='word_1_155' title='bbox 82 2435 179 2516; x_wconf 86' lang='lat' dir='ltr'>Apta</span> <span class='ocrx_word' id='word_1_156' title='bbox 200 2437 424 2512; x_wconf 84' lang='lat' dir='ltr'>ministrabat,</span> <span class='ocrx_word' id='word_1_157' title='bbox 442 2457 500 2499; x_wconf 90' lang='lat' dir='ltr'>sua</span> <span class='ocrx_word' id='word_1_158' title='bbox 521 2440 609 2508; x_wconf 85' lang='lat' dir='ltr'>daut</span> <span class='ocrx_word' id='word_1_159' title='bbox 620 2437 664 2498; x_wconf 90' lang='lat' dir='ltr'>ibi</span> <span class='ocrx_word' id='word_1_160' title='bbox 686 2438 833 2500; x_wconf 83' lang='lat' dir='ltr'>membra</span> <span class='ocrx_word' id='word_1_161' title='bbox 855 2437 978 2518; x_wconf 86' lang='lat' dir='ltr'>sopori.</span> 
     </span>
     <span class='ocr_line' id='line_1_25' title="bbox 83 2521 1013 2603; baseline 0.002 -19"><span class='ocrx_word' id='word_1_162' title='bbox 83 2521 234 2584; x_wconf 79' lang='lat' dir='ltr'>Plurima</span> <span class='ocrx_word' id='word_1_163' title='bbox 262 2537 337 2603; x_wconf 85' lang='lat' dir='ltr'>post</span> <span class='ocrx_word' id='word_1_164' title='bbox 365 2524 509 2584; x_wconf 86' lang='lat' dir='ltr'>triduum</span> <span class='ocrx_word' id='word_1_165' title='bbox 537 2525 604 2584; x_wconf 89' lang='lat' dir='ltr'>duo</span> <span class='ocrx_word' id='word_1_166' title='bbox 634 2523 824 2586; x_wconf 86' lang='lat' dir='ltr'>conduxere</span> <span class='ocrx_word' id='word_1_167' title='bbox 845 2539 1013 2603; x_wconf 85' lang='lat' dir='ltr'>potentes·</span> 
     </span>
     <span class='ocr_line' id='line_1_26' title="bbox 84 2598 988 2694; baseline 0.002 -24"><span class='ocrx_word' id='word_1_168' title='bbox 84 2605 234 2694; x_wconf 80' lang='lat' dir='ltr'>Agmina</span> <span class='ocrx_word' id='word_1_169' title='bbox 256 2629 446 2688; x_wconf 83' lang='lat' dir='ltr'>graecorum</span> <span class='ocrx_word' id='word_1_170' title='bbox 469 2598 666 2670; x_wconf 80' lang='lat' dir='ltr'>Boamundo</span> <span class='ocrx_word' id='word_1_171' title='bbox 687 2608 775 2671; x_wconf 90' lang='lat' dir='ltr'>bella</span> <span class='ocrx_word' id='word_1_172' title='bbox 797 2625 988 2690; x_wconf 75' lang='lat' dir='ltr'>parentets</span> 
     </span>
     <span class='ocr_line' id='line_1_27' title="bbox 84 2669 846 2774; baseline 0.001 -22"><span class='ocrx_word' id='word_1_173' title='bbox 84 2669 186 2760; x_wconf 88' lang='lat' dir='ltr'>Alter</span> <span class='ocrx_word' id='word_1_174' title='bbox 209 2695 392 2757; x_wconf 86' lang='lat' dir='ltr'>Germanus</span> <span class='ocrx_word' id='word_1_175' title='bbox 415 2691 561 2774; x_wconf 83' lang='lat' dir='ltr'>Augusti</span> <span class='ocrx_word' id='word_1_176' title='bbox 584 2687 787 2766; x_wconf 81' lang='lat' dir='ltr'>Melisianus,</span> <span class='ocrx_word' id='word_1_177' title='bbox 841 2719 846 2727; x_wconf 90' lang='lat'>·</span> 
     </span>
     <span class='ocr_line' id='line_1_28' title="bbox 85 2775 920 2877; baseline 0 -37"><span class='ocrx_word' id='word_1_178' title='bbox 85 2777 219 2840; x_wconf 84' lang='lat' dir='ltr'>Alter</span> <span class='ocrx_word' id='word_1_179' title='bbox 208 2795 380 2877; x_wconf 65' lang='lat' dir='ltr'>cognatus,</span> <span class='ocrx_word' id='word_1_180' title='bbox 408 2799 535 2840; x_wconf 89' lang='lat' dir='ltr'>nomen</span> <span class='ocrx_word' id='word_1_181' title='bbox 556 2775 616 2838; x_wconf 91' lang='lat' dir='ltr'>fuit</span> <span class='ocrx_word' id='word_1_182' title='bbox 639 2777 717 2838; x_wconf 91' lang='lat' dir='ltr'>hulc</span> <span class='ocrx_word' id='word_1_183' title='bbox 740 2775 920 2844; x_wconf 81' lang='lat' dir='ltr'>Adrianus.</span> 
     </span>
     <span class='ocr_line' id='line_1_29' title="bbox 85 2859 919 2929; baseline 0.002 -5"><span class='ocrx_word' id='word_1_184' title='bbox 85 2861 272 2926; x_wconf 84' lang='lat' dir='ltr'>Normanni</span> <span class='ocrx_word' id='word_1_185' title='bbox 294 2863 422 2926; x_wconf 88' lang='lat' dir='ltr'>solitae</span> <span class='ocrx_word' id='word_1_186' title='bbox 430 2859 594 2929; x_wconf 81' lang='lat' dir='ltr'>memores</span> <span class='ocrx_word' id='word_1_187' title='bbox 617 2862 742 2926; x_wconf 86' lang='lat' dir='ltr'>virtutis</span> <span class='ocrx_word' id='word_1_188' title='bbox 766 2861 806 2924; x_wconf 88' lang='lat' dir='ltr'>ad</span> <span class='ocrx_word' id='word_1_189' title='bbox 829 2885 919 2926; x_wconf 83' lang='lat' dir='ltr'>erma</span> 
     </span>
     <span class='ocr_line' id='line_1_30' title="bbox 87 2947 935 3046; baseline 0.001 -36"><span class='ocrx_word' id='word_1_190' title='bbox 87 2949 295 3010; x_wconf 86' lang='lat' dir='ltr'>Concurrunt</span> <span class='ocrx_word' id='word_1_191' title='bbox 316 2949 455 3021; x_wconf 86' lang='lat' dir='ltr'>celeres,</span> <span class='ocrx_word' id='word_1_192' title='bbox 487 2947 639 3027; x_wconf 82' lang='lat' dir='ltr'>solitique</span> <span class='ocrx_word' id='word_1_193' title='bbox 649 2947 827 3046; x_wconf 80' lang='lat' dir='ltr'>fugacibus</span> <span class='ocrx_word' id='word_1_194' title='bbox 850 2947 935 3029; x_wconf 81' lang='lat' dir='ltr'>Argi</span> 
     </span>
     <span class='ocr_line' id='line_1_31' title="bbox 86 3022 951 3114; baseline 0.006 -22"><span class='ocrx_word' id='word_1_195' title='bbox 86 3032 184 3092; x_wconf 82' lang='lat' dir='ltr'>Elabi</span> <span class='ocrx_word' id='word_1_196' title='bbox 210 3033 372 3114; x_wconf 89' lang='lat' dir='ltr'>pedibus,</span> <span class='ocrx_word' id='word_1_197' title='bbox 406 3035 546 3098; x_wconf 86' lang='lat' dir='ltr'>redeunt</span> <span class='ocrx_word' id='word_1_198' title='bbox 567 3055 605 3114; x_wconf 89' lang='lat' dir='ltr'>pr</span> <span class='ocrx_word' id='word_1_199' title='bbox 606 3022 779 3096; x_wconf 80' lang='lat' dir='ltr'>o⁴eranter</span> <span class='ocrx_word' id='word_1_200' title='bbox 801 3035 840 3095; x_wconf 84' lang='lat' dir='ltr'>ad</span> <span class='ocrx_word' id='word_1_201' title='bbox 864 3032 951 3097; x_wconf 88' lang='lat' dir='ltr'>urbis</span> 
     </span>
     <span class='ocr_line' id='line_1_32' title="bbox 88 3055 1143 3200; baseline 0.005 -22"><span class='ocrx_word' id='word_1_202' title='bbox 88 3115 226 3180; x_wconf 83' lang='lat' dir='ltr'>Moenia</span> <span class='ocrx_word' id='word_1_203' title='bbox 248 3117 413 3192; x_wconf 84' lang='lat' dir='ltr'>Larissae,</span> <span class='ocrx_word' id='word_1_204' title='bbox 447 3139 511 3198; x_wconf 89' lang='lat' dir='ltr'>qua</span> <span class='ocrx_word' id='word_1_205' title='bbox 533 3055 659 3180; x_wconf 78' lang='lat' dir='ltr'>etausds</span> <span class='ocrx_word' id='word_1_206' title='bbox 681 3117 854 3182; x_wconf 84' lang='lat' dir='ltr'>Alexius</span> <span class='ocrx_word' id='word_1_207' title='bbox 847 3139 917 3200; x_wconf 80' lang='lat' dir='ltr'>rpse</span> <span class='ocrx_word' id='word_1_208' title='bbox 1039 3143 1041 3150; x_wconf 75' lang='grc'>’</span> <span class='ocrx_word' id='word_1_209' title='bbox 1135 3111 1143 3136; x_wconf 58' lang='lat'>⁸</span> 
     </span>
     <span class='ocr_line' id='line_1_33' title="bbox 88 3203 1099 3288; baseline 0.002 -24"><span class='ocrx_word' id='word_1_210' title='bbox 88 3203 169 3264; x_wconf 91' lang='lat' dir='ltr'>Non</span> <span class='ocrx_word' id='word_1_211' title='bbox 193 3205 308 3282; x_wconf 90' lang='lat' dir='ltr'>procul</span> <span class='ocrx_word' id='word_1_212' title='bbox 330 3206 471 3276; x_wconf 79' lang='lat' dir='ltr'>audebat</span> <span class='ocrx_word' id='word_1_213' title='bbox 492 3206 585 3266; x_wconf 78' lang='lat' dir='ltr'>toties</span> <span class='ocrx_word' id='word_1_214' title='bbox 609 3221 778 3288; x_wconf 86' lang='lat' dir='ltr'>superatus</span> <span class='ocrx_word' id='word_1_215' title='bbox 802 3205 899 3276; x_wconf 84' lang='lat' dir='ltr'>abire,</span> <span class='ocrx_word' id='word_1_216' title='bbox 1092 3261 1099 3275; x_wconf 83' lang='grc'><strong>,</strong></span> 
     </span>
     <span class='ocr_line' id='line_1_34' title="bbox 88 3285 1078 3372; baseline 0.001 -24"><span class='ocrx_word' id='word_1_217' title='bbox 88 3285 163 3348; x_wconf 87' lang='lat' dir='ltr'>Nec</span> <span class='ocrx_word' id='word_1_218' title='bbox 186 3287 293 3348; x_wconf 88' lang='lat' dir='ltr'>minus</span> <span class='ocrx_word' id='word_1_219' title='bbox 316 3303 348 3351; x_wconf 84' lang='lat' dir='ltr'>et</span> <span class='ocrx_word' id='word_1_220' title='bbox 370 3289 468 3350; x_wconf 89' lang='lat' dir='ltr'>Turci</span> <span class='ocrx_word' id='word_1_221' title='bbox 492 3289 718 3350; x_wconf 88' lang='lat' dir='ltr'>clauduntur</span> <span class='ocrx_word' id='word_1_222' title='bbox 710 3309 745 3349; x_wconf 88' lang='lat' dir='ltr'>m</span> <span class='ocrx_word' id='word_1_223' title='bbox 767 3292 847 3350; x_wconf 90' lang='lat' dir='ltr'>urbe</span> <span class='ocrx_word' id='word_1_224' title='bbox 870 3290 1014 3372; x_wconf 60' lang='lat' dir='ltr'>fugaces,</span> <span class='ocrx_word' id='word_1_225' title='bbox 1076 3357 1078 3364; x_wconf 41' lang='grc'>,</span> 
     </span>
     <span class='ocr_line' id='line_1_35' title="bbox 90 3366 903 3454; baseline 0.002 -22"><span class='ocrx_word' id='word_1_226' title='bbox 90 3366 215 3436; x_wconf 85' lang='lat' dir='ltr'>Talit&#39;er</span> <span class='ocrx_word' id='word_1_227' title='bbox 238 3375 388 3438; x_wconf 87' lang='lat' dir='ltr'>obsessus</span> <span class='ocrx_word' id='word_1_228' title='bbox 412 3375 553 3454; x_wconf 88' lang='lat' dir='ltr'>populus</span> <span class='ocrx_word' id='word_1_229' title='bbox 576 3373 820 3437; x_wconf 82' lang='lat' dir='ltr'>Normannicus</span> <span class='ocrx_word' id='word_1_230' title='bbox 842 3373 903 3435; x_wconf 90' lang='lat' dir='ltr'>illis</span> 
     </span>
     <span class='ocr_line' id='line_1_36' title="bbox 89 3457 1032 3538; baseline 0.004 -20"><span class='ocrx_word' id='word_1_231' title='bbox 89 3457 201 3525; x_wconf 84' lang='lat' dir='ltr'>Non</span> <span class='ocrx_word' id='word_1_232' title='bbox 192 3479 369 3522; x_wconf 83' lang='lat' dir='ltr'>remanere</span> <span class='ocrx_word' id='word_1_233' title='bbox 386 3459 442 3520; x_wconf 88' lang='lat' dir='ltr'>diu</span> <span class='ocrx_word' id='word_1_234' title='bbox 464 3459 582 3532; x_wconf 85' lang='lat' dir='ltr'>valuit,</span> <span class='ocrx_word' id='word_1_235' title='bbox 612 3457 687 3538; x_wconf 86' lang='lat' dir='ltr'>quia</span> <span class='ocrx_word' id='word_1_236' title='bbox 710 3477 791 3522; x_wconf 87' lang='lat' dir='ltr'>terra</span> <span class='ocrx_word' id='word_1_237' title='bbox 813 3457 941 3526; x_wconf 82' lang='lat' dir='ltr'>labores</span> <span class='ocrx_word' id='word_1_238' title='bbox 994 3472 1032 3532; x_wconf 66' lang='grc'>,’</span> 
     </span>
     <span class='ocr_line' id='line_1_37' title="bbox 90 3537 895 3626; baseline 0.005 -24"><span class='ocrx_word' id='word_1_239' title='bbox 90 3537 188 3604; x_wconf 74' lang='lat' dir='ltr'>Passa</span> <span class='ocrx_word' id='word_1_240' title='bbox 210 3545 412 3626; x_wconf 84' lang='lat' dir='ltr'>rapinarum,</span> <span class='ocrx_word' id='word_1_241' title='bbox 441 3544 548 3606; x_wconf 87' lang='lat' dir='ltr'>victus</span> <span class='ocrx_word' id='word_1_242' title='bbox 569 3543 730 3616; x_wconf 81' lang='lat' dir='ltr'>alimenta</span> <span class='ocrx_word' id='word_1_243' title='bbox 743 3547 895 3626; x_wconf 63' lang='lat' dir='ltr'>negem,</span> 
     </span>
     <span class='ocr_line' id='line_1_38' title="bbox 91 3626 904 3712; baseline 0.005 -24"><span class='ocrx_word' id='word_1_244' title='bbox 91 3626 132 3690; x_wconf 90' lang='lat' dir='ltr'>Et</span> <span class='ocrx_word' id='word_1_245' title='bbox 154 3649 262 3708; x_wconf 83' lang='lat' dir='ltr'>nuper</span> <span class='ocrx_word' id='word_1_246' title='bbox 277 3630 381 3710; x_wconf 90' lang='lat' dir='ltr'>captis</span> <span class='ocrx_word' id='word_1_247' title='bbox 404 3630 533 3695; x_wconf 76' lang='lat' dir='ltr'>strarant</span> <span class='ocrx_word' id='word_1_248' title='bbox 553 3649 610 3702; x_wconf 77' lang='lat' dir='ltr'>sua</span> <span class='ocrx_word' id='word_1_249' title='bbox 633 3630 757 3712; x_wconf 75' lang='lat' dir='ltr'>perdita</span> <span class='ocrx_word' id='word_1_250' title='bbox 779 3629 904 3706; x_wconf 78' lang='lat' dir='ltr'>castris3</span> 
     </span>
     <span class='ocr_line' id='line_1_39' title="bbox 61 3711 945 3780; baseline 0.003 -5"><span class='ocrx_word' id='word_1_251' title='bbox 61 3767 65 3775; x_wconf 79' lang='lat'><em>.</em></span> <span class='ocrx_word' id='word_1_252' title='bbox 92 3711 199 3776; x_wconf 82' lang='lat' dir='ltr'>Mdite</span> <span class='ocrx_word' id='word_1_253' title='bbox 223 3714 330 3776; x_wconf 88' lang='lat' dir='ltr'>diviso</span> <span class='ocrx_word' id='word_1_254' title='bbox 353 3714 440 3776; x_wconf 87' lang='lat' dir='ltr'>vitae</span> <span class='ocrx_word' id='word_1_255' title='bbox 463 3718 679 3780; x_wconf 88' lang='lat' dir='ltr'>Boamundus</span> <span class='ocrx_word' id='word_1_256' title='bbox 700 3715 756 3776; x_wconf 85' lang='lat' dir='ltr'>ad</span> <span class='ocrx_word' id='word_1_257' title='bbox 765 3735 844 3779; x_wconf 83' lang='lat' dir='ltr'>usus</span> <span class='ocrx_word' id='word_1_258' title='bbox 942 3774 945 3778; x_wconf 87' lang='lat'>.</span> 
     </span>
     <span class='ocr_line' id='line_1_40' title="bbox 94 3783 990 3896; baseline 0.01 -38"><span class='ocrx_word' id='word_1_259' title='bbox 94 3797 230 3896; x_wconf 79' lang='lat' dir='ltr'>Quaerit</span> <span class='ocrx_word' id='word_1_260' title='bbox 249 3783 448 3863; x_wconf 79' lang='lat' dir='ltr'>Ebellonoe</span> <span class='ocrx_word' id='word_1_261' title='bbox 456 3801 543 3874; x_wconf 87' lang='lat' dir='ltr'>loca,</span> <span class='ocrx_word' id='word_1_262' title='bbox 570 3803 814 3878; x_wconf 80' lang='lat' dir='ltr'>Castoreaeque</span> <span class='ocrx_word' id='word_1_263' title='bbox 834 3797 990 3874; x_wconf 80' lang='lat' dir='ltr'>Btienus:</span> 
     </span>
     <span class='ocr_line' id='line_1_41' title="bbox 93 3879 832 3988; baseline 0.004 -47"><span class='ocrx_word' id='word_1_264' title='bbox 93 3879 236 3946; x_wconf 80' lang='lat' dir='ltr'>Dimisso</span> <span class='ocrx_word' id='word_1_265' title='bbox 257 3905 389 3968; x_wconf 84' lang='lat' dir='ltr'>magna</span> <span class='ocrx_word' id='word_1_266' title='bbox 397 3886 566 3950; x_wconf 86' lang='lat' dir='ltr'>Salonicae</span> <span class='ocrx_word' id='word_1_267' title='bbox 587 3904 677 3988; x_wconf 77' lang='lat' dir='ltr'>parte</span> <span class='ocrx_word' id='word_1_268' title='bbox 699 3905 832 3952; x_wconf 87' lang='lat' dir='ltr'>suorum</span> 
     </span>
     <span class='ocr_line' id='line_1_42' title="bbox 94 3963 913 4076; baseline 0.002 -42"><span class='ocrx_word' id='word_1_269' title='bbox 94 3963 137 4034; x_wconf 80' lang='lat' dir='ltr'>At</span> <span class='ocrx_word' id='word_1_270' title='bbox 156 3969 329 4050; x_wconf 68' lang='lat' dir='ltr'>proptiae</span> <span class='ocrx_word' id='word_1_271' title='bbox 324 3971 446 4076; x_wconf 72' lang='lat' dir='ltr'>secieto</span> <span class='ocrx_word' id='word_1_272' title='bbox 467 3973 629 4036; x_wconf 84' lang='lat' dir='ltr'>remeavit</span> <span class='ocrx_word' id='word_1_273' title='bbox 649 3968 792 4035; x_wconf 81' lang='lat' dir='ltr'>Alexius</span> <span class='ocrx_word' id='word_1_274' title='bbox 815 3971 913 4050; x_wconf 87' lang='lat' dir='ltr'>urbis,</span> 
     </span>
    </p>

    <p class='ocr_par' dir='ltr' id='par_1_11' title="bbox 324 4057 736 4120">
     <span class='ocr_line' id='line_1_43' title="bbox 324 4057 736 4120; baseline 0.002 -1"><span class='ocrx_word' id='word_1_275' title='bbox 324 4095 326 4101; x_wconf 68' lang='lat'>,</span> <span class='ocrx_word' id='word_1_276' title='bbox 655 4057 736 4120; x_wconf 80' lang='lat' dir='ltr'>Ma</span> 
     </span>
    </p>
   </div>
   <div class='ocr_carea' id='block_1_7' title="bbox 0 0 1371 4756">
    <p class='ocr_par' dir='ltr' id='par_1_12' title="bbox 0 0 1371 4756">
     <span class='ocr_line' id='line_1_44' title="bbox 0 0 1371 4756; baseline 0 0"><span class='ocrx_word' id='word_1_277' title='bbox 0 0 1371 4756; x_wconf 95' lang='lat' dir='ltr'> </span> 
     </span>
    </p>
   </div>
  </div>
 </body>
</html>
