2688 4754
830 389 847 426 ²
903 391 919 446 ‘¹
1017 385 1095 486 159
1195 465 1196 472 ¹

1306 515 1311 540 l

58 591 115 634 sua
137 547 221 652 sunt,
249 566 467 669 spiritualibus
488 569 695 650 praeferunt}
716 569 861 656 religiosi
884 588 993 638 autem
1017 593 1095 656 pon

58 657 154 720 1111333
179 677 298 718 vanam
321 655 456 737 gloriam
480 657 708 738 despicientes,
730 679 816 736 quae
833 661 900 724 Dei
923 675 1009 735 sunt,
1031 681 1095 722 car

56 743 178 804 nalibus
201 745 298 803 rebus
320 757 537 822 praeponunt.
580 741 707 806 111113
727 763 763 806 se
789 746 1000 824 peccantibus
1030 744 1095 808 cito

56 827 243 912 ignoscunt,
274 829 391 890 Deum
418 827 665 890 ostendentibus
694 848 764 888 non
795 829 915 892 leviter
948 847 1094 927 parcunt.

56 907 109 976 Illi
131 913 265 974 terrenis
289 913 411 974 actibus
434 910 573 980 nimium
596 911 697 974 dediti
726 911 902 994 spiritualia
924 915 1097 1000 paruipen

56 997 187 1072 dunt,'
179 997 230 1060 isti
253 996 404 1062 caelestia
431 997 548 1060 sedulo
577 997 789 1073 meditanteS,
819 1017 905 1078 quae
933 1017 1009 1066 sunt
1037 1018 1096 1066 ter·

56 1105 133 1148 rena
154 1095 382 1159 contemnunt.
403 1114 444 1132 -·-
1143 1087 1145 1092 '

58 1200 65 1224 t
136 1155 288 1234 Sanctam
309 1168 493 1232 ecclesiam
527 1187 596 1228 non
631 1153 799 1248 quaerant,
829 1168 911 1236 31333
933 1167 1096 1245 ancillam,
1131 1179 1133 1188 ’

57 1251 114 1316 sibi
136 1251 311 1333 subjicere,
339 1253 528 1351 subjugare:
557 1253 615 1314 sed
638 1254 839 1334 permaxime
862 1255 976 1324 oculos
998 1254 1096 1330 illius,

56 1339 208 1404 videlicet
236 1337 375 1402 Domini
407 1341 609 1410 sacerdotes,
648 1339 818 1420 magistros
852 1354 885 1406 et
912 1354 1057 1422 patres
1048 1361 1096 1404 re·
1109 1387 1129 1421 „

57 1425 302 1506 cognoscendo,
338 1423 495 1488 decenter
527 1425 680 1486 studeant
714 1427 889 1494 honorare
943 1428 1031 1490 Nam
1068 1423 1096 1486 si
1139 1427 1161 1450 ·'

58 1509 215 1580 carnales
225 1525 331 1589 patres
361 1525 394 1572 et
424 1525 542 1576 matres
570 1509 733 1572 honorare
763 1510 937 1590 jubemur,
963 1496 1095 1590 1133313

55 1593 155 1676 magis
184 1593 386 1674 spirituales?
421 1585 560 1676 811113,
583 1594 640 1672 qui
667 1595 786 1656 carnali
798 1595 896 1696 Mpatri
923 1597 981 1662 vel
1004 1595 1096 1658 matri
1167 1625 1170 1632 ·

56 1678 273 1778 maledixerit,
300 1695 407 1742 morte
430 1679 636 1748 mulctandus
657 1697 723 1743 est:
751 1676 829 1760 quid
853 1681 925 1755 ille,
952 1681 1097 1764 quiana

20 1791 25 1798 ’
56 1763 164 1828 ledicit
185 1764 267 1844 patri
288 1764 444 1846 spirituali
467 1767 524 1828 v'el
548 1762 650 1840 matri,
672 1769 838 1830 meretur?
864 1770 954 1866 ι11313
975 1763 1097 1830 camali

56 1870 167 1912 amore
199 1849 298 1912 illecti
330 1852 481 1913 studeant
512 1851 619 1910 filium
651 1869 750 1912 suum
782 1849 895 1934 gregi,
934 1869 995 1950 pro
1026 1869 1095 1949 quo

56 1935 200 1998 Christus
223 1933 418 2016 sanguinem
439 1953 537 1996 suum
559 1932 662 2034 fudit,
689 1953 913 2033 praeponere,
934 1936 962 1998 si
983 1929 1097 2002 3113113
1104 2011 1107 2018 ¹
1244 2001 1250 2008 ,

54 2041 124 2090 rem
155 2021 212 2082 illo
231 2035 275 2084 .et
302 2019 466 2084 utiliorem
494 2033 633 2100 possunt
653 2019 825 2085 invenirer
854 2043 898 2086 ne
918 2020 993 2112 plus
1015 2019 1095 2089 neo
1159 2064 1162 2073 ·

55 2107 224 2188 diligendo
243 2104 364 2180 filium,
398 2105 581 2166 maximum
609 2119 739 2170 sanctae
768 2103 925 2176 ecclesiae
954 2108 1096 2172 inferant

12 2243 14 2268 3
55 2191 297 2255 detrimentum.
330 2193 486 2256 Patenter
503 2211 593 2255 emm
610 2192 725 2254 Deum
744 2207 778 2256 et
793 2191 992 2275 proximum,
1013 2185 1097 2256 sicut

56 2277 273 2340 Christianum
291 2289 432 2356 oportet,
452 2297 521 2336 non
541 2291 649 2340 amate
671 2276 887 2352 convincitur,
909 2277 966 2356 qui
988 2292 1096 2340 tantae
1197 2295 1201 2304 ’

55 2361 182 2424 utilitati
215 2377 348 2460 tamque
379 2359 583 2424 necessariae
616 2377 747 2426 sanctae
784 2361 893 2424 matris
926 2361 1095 2436 ecclesiae,

55 2464 150 2529 prout
171 2446 289 2510 melius
311 2461 431 2527 potest,
450 2445 586 2528 negligit
605 2444 793 2528 providere.
852 2447 929 2511 Hac
950 2465 1097 2526 namque

55 2533 175 2594 virtute
203 2531 252 2608 (id
281 2543 331 2596 est
357 2531 528 2630 charitate)
556 2531 720 2611 neglecta,
755 2529 911 2612 quicquid
939 2530 1019 2594 boni
1045 2531 1097 2596 ali

57 2619 126 2696 quis
148 2615 272 2690 fecerit,
294 2617 387 2680 omni
408 2605 515 2680 fructu
539 2615 650 2678 salutis
672 2615 803 2700 carebit.
863 2617 992 2680 Haec
984 2633 1096 2696 itaque

55 2702 221 2766 humiliter
249 2705 396 2784 agendo,
429 2716 463 2766 et
491 2719 638 2792 amorem
661 2683 730 2765 D'et
764 2715 798 2765 et
826 2701 983 2783 proximi,
1015 2703 1099 2766 sicut

58 2803 203 2868 oportet,
230 2790 416 2886 ¹servando,
448 2799 658 2869 praesumant
686 2787 728 2852 de
756 2785 842 2848 illius
865 2786 1097 2862 misericordia,

58 2873 111 2958 qui
143 2871 244 2936 dixit:
274 2871 386 2938 discite
409 2893 426 2936 3
448 2893 521 2944 me,
553 2871 644 2951 quod
672 2868 757 2934 mitis
785 2881 876 2946 sum,
908 2887 942 2936 et
963 2867 1101 2946 humilis

59 2949 165 3022 corde.
232 2958 392 3056 Quem
369 2979 395 3020 sr
416 2956 584 3038 humiliter
610 2954 725 3018 mutati
751 2957 888 3032 fuerint,
921 2959 963 3022 de
992 2977 1095 3040 regno

59 3044 165 3106 servili
188 3057 221 3107 et
244 3042 442 3117 transitorio,
472 3041 513 3104 ad
535 3052 673 3124 regnum
696 3062 796 3106 verae
817 3043 971 3106 libertatis
995 3058 1028 3106 et
1049 3063 1098 3106 as·
1193 3107 1197 3126 ,

58 3127 210 3192 3333133313
238 3127 433 3200 transibunt,
461 3129 590 3200 Amen,
627 3127 865 3226 Admonemus
895 3147 956 3197 vos
983 3111 1104 3204 1333133,

60 3228 90 3274 et
109 3213 324 3295 coepiscopos
344 3231 489 3286 nostros,
525 3233 569 3276 ne
591 3211 709 3276 faciem
733 3211 916 3294 principum
938 3213 1097 3293 trepidari
1107 3293 1110 3298 Ι

61 3311 114 3372 tes,
128 3299 324 3398 ‘veritatem‘
331 3299 377 3364 eis
400 3298 511 3362 dicere
533 3298 681 3370 timeatis,
703 3296 906 3361 incurrentes
924 3297 1096 3374 1113311133-

62 3381 154 3460 gorii:
183 3405 287 3464 quum
315 3382 349 3444 in
378 3399 462 3446 terra
484 3383 655 3448 hominem
678 3400 790 3446 contra
812 3382 982 3448 veritatem
1005 3385 1096 3468 quill·

61 3465 113 3530 bet
131 3481 257 3550 pavet,
265 3468 415 3550 ejusdem
438 3469 581 3534 veritatis
602 3469 685 3534 11313
706 3468 840 3535 caelitus
861 3470 1010 3537 sustinet·

259 3709 390 3798 1111
446 3661 890 3804 rambertus

67 3880 102 3972 1)
86 3880 231 3972 )von
279 3887 653 3976 Aschaffenburg,
706 3858 954 3960 hintetliels
1004 3887 1100 3962 eine

32 3973 292 4138 Ι1011331111,
341 3976 471 4044 deren
506 3989 639 4046 333133
670 3973 815 4060 Tbeil,
866 3977 929 4040 bis
961 3987 1130 4130 segal?
