2628 4748
116 363 118 372 t
199 343 327 392 ΙΙΙ..

167 398 172 405 “
235 393 327 479 ιιι
408 397 469 432 '²

515 446 516 454 ι

234 579 332 646 tavit·
371 587 579 664 preponens
597 575 806 676 antiquorum
844 577 1073 640 Romanorum
1112 581 1266 660 exempla,

183 709 188 720 ·
236 665 293 746 qui
321 685 364 730 ex
391 679 524 729 senatus
555 663 742 726 maturitatis
770 665 936 736 consulto,
972 677 1013 724 et
1038 684 1080 726 ex
1108 663 1266 742 Juvenum

235 751 423 816 animorum
444 747 640 814 fortitudinis
670 747 788 812 ordine
816 761 848 811 et
870 747 1067 832 integritate,
1099 763 1205 810 totum
1227 773 1268 812 or·

134 859 136 864 ’
186 825 187 832 ¹
234 838 318 904 bem
347 851 452 899 terrae
481 849 578 898 suum
605 833 750 898 fecerint.
795 833 907 918 Quare
928 823 1205 910 reaedificandum
1227 856 1267 896 ca

235 921 398 1003 pitolium,
419 920 646 984 renovandam
664 917 853 1012 dignitatem
871 917 1076 1014 senatoriam,
1097 921 1267 981 reforman

218 1007 317 1076 idum
335 1018 525 1084 'equestrem
548 993 699 1066 ordinem
721 985 840 1065 docuit.
883 992 1011 1063 Nihil
1002 1023 1037 1064 ιιι
1059 999 1266 1084 dispositione

176 1149 178 1154 ,
204 1141 206 1147 ,
234 1090 324 1153 urbis
353 1089 394 1152 ad
417 1093 607 1155 Romanurn
635 1085 779 1169 spe‘ctare
802 1085 1009 1168 pontificem,
1040 1087 1193 1152 sulficere
1215 1089 1267 1152 sibi

192 1175 195 1188 '
233 1172 488 1256 ecclesiasticum
505 1173 665 1255 judicium
687 1173 819 1236 debere.
859 1173 902 1234 In
924 1185 1048 1234 tantum
1070 1190 1152 1251 vero
1177 1173 1283 1252 ιιιιιίιι4

233 1272 427 1322 venenosae
450 1260 615 1321 doctrinae
637 1258 745 1339 coepit
765 1257 965 1320 invalescere
989 1257 1122 1330 malum,
1144 1271 1266 1326 utnon

33 1352 38 1423 ζ
94 1333 97 1346 ’
138 1359 141 1365 '
233 1346 343 1408 solnm
362 1328 532 1405 nobilium
561 1344 840 1416 Romanorum,
840 1361 900 1404 seu
929 1339 1142 1404 cardinalium
1173 1343 1266 1406 dirue·

233 1443 347 1494 rentur
375 1429 514 1502 domus,
549 1443 583 1492 et
611 1429 781 1508 splendida
807 1425 937 1508 palatia:
957 1447 1084 1488 verum
1108 1425 1211 1488 etiam
1232 1429 1267 1491 de

231 1505 450 1577 cardinalibus
479 1515 683 1577 reverendae
710 1527 887 1594 personae,
920 1509 1095 1574 inhoneste
1123 1513 1265 1574 sauciatis

260 1598 486 1684 uibusdam,a
506 1599 636 1660 furente
660 1598 757 1678 plebe
781 1611 998 1659 tractarentur
1046 1597 1143 1658 Haec
1168 1597 1265 1660 ethis

232 1683 349 1744 similia
378 1701 453 1742 cum
481 1683 591 1762 multis
621 1682 753 1756 diebus,
788 1681 820 1752 id
843 1699 892 1747 est
913 1702 931 1741 a
953 1695 1058 1744 morte
1081 1681 1265 1756 Goelestiui,

232 1771 339 1847 usque
369 1766 527 1841 adhaec,
556 1769 595 1828 ab
618 1789 660 1830 eo
679 1767 880 1830 incessanter
907 1779 940 1827 et
960 1766 1182 1830 irreverenter
1203 1785 1265 1848 age·

128 1853 150 1902 ·'
231 1868 345 1916 rentur
366 1867 524 1932 tempora,
556 1871 698 1932 cumque
730 1851 890 1915 sententia
921 1867 1086 1930 pastorum
1115 1849 1207 1932 juste
1237 1853 1265 1912 in

232 1957 322 2011 eum,
345 1953 378 1999 et
398 1936 555 2000 canonice
578 1938 710 2016 prolata,
734 1937 804 2016 ejus
819 1935 942 2016 judicio
959 1952 1114 2014 tanquam
1133 1937 1265 1998 omniuo

170 2085 175 2094 ,
233 2019 427 2082 auctoritatis
450 2041 571 2095 sacua,
600 2021 903 2084 contemnerenturc
939 2015 1105 2084 tandem
1094 2043 1130 2082 m
1152 2025 1264 2082 manus

30 2161 33 2170 .
95 2109 98 2115 “
179 2133 181 2136 ·
232 2105 445 2204 quorundam
463 2103 658 2178 incidens‚'
648 2093 685 2166 ari
707 2105 847 2170 Tusciae
869 2103 987 2166 finibus
1010 2122 1132 2186 captus,
1154 2105 1264 2188 princi·

181 2243 183 2250 ,
231 2188 282 2270 pic
305 2189 446 2254 examini
468 2205 651 2252 reservatus
666 2189 739 2264 est,
772 2207 805 2254 et
827 2192 866 2257 ad
888 2190 1038 2254 ultimum
1063 2213 1080 2252 a
1102 2193 1264 2272 praefecto

132 2323 134 2328 s
230 2271 623 2372 urbisttgnosadaetus,
657 2297 794 2369 arrogo
817 2275 1045 2370 inpuberem
1067 2279 1204 2344 redacto
1224 2279 1264 2337 lu·

229 2352 342 2434 nere,'
360 2381 404 2424 ne
427 2382 446 2420 a
468 2359 583 2422 stolida
605 2361 727 2442 plebe
732 2379 848 2441 corpus
878 2360 948 2440 eJ'us
977 2361 1199 2466 veneratione
1218 2361 1263 2423 ba

205 2445 402 2530 ,bereum
392 2467 429 2508 ιιι
450 2443 628 2527 Tyberim
629 2463 767 2526 sparsus.
821 2510 824 2514 ,
850 2475 856 2490 =

305 2617 352 2678 D.
384 2615 491 2700 Igitur
511 2615 655 2698 exceptis
676 2612 737 2690 his,
760 2613 815 2693 qui
837 2613 953 2688 sobrie,
975 2614 1040 2697 pie,
1063 2629 1096 2686 et
1114 2615 1205 2714 juste
1226 2638 1263 2680 ex

230 2699 353 2764 clericis
375 2717 409 2768 et
429 2701 528 2775 laicis,
549 2721 617 2776 sua,
639 2713 792 2779 tauquam
809 2721 879 2766 non
896 2719 954 2765 sua
975 2696 1197 2782 possidentes,
1211 2703 1262 2764 fra·

230 2799 316 2848 trum
344 2783 591 2860 necessitatibus
610 2785 870 2884 misericorditer
879 2785 1110 2884 “deserviunu
1138 2770 1261 2850 diversa
1307 2857 1308 2864 J

228 2885 307 2932 aunt
327 2885 511 2932 sanctorum
534 2867 680 2952 agmina,
702 2869 758 2956 qui
781 2869 889 2950 proprj
876 2867 915 2948 ιιι
937 2871 1117 2946 desideriis,
1139 2872 1263 2934 faculta-

195 2999 197 3020 ι
230 2953 332 3054 tibus,
365 2955 577 3036 parientibus,
591 2953 696 3039 J'tixta
706 2957 893 3016 mandatum
917 2955 1151 3038 evangelicum
1182 2959 1262 3018 abre·

228 3036 435 3115 nunciantes,
467 3047 663 3118 crucemque
693 3040 975 3106 mortificationis
966 3063 1000 3102 m
1022 3062 1120 3104 carne
1146 3039 1261 3124 jugiter

227 3133 414 3206 portantes,
426 3124 559 3188 coelesti
582 3123 743 3188 desiderio
766 3125 866 3205 pleni,
890 3125 1053 3190 Christum
1073 3143 1260 3224 sequuntur.

216 3211 381 3314 Quorum
404 3207 488 3272 alii'
479 3231 513 3271 ιιι
533 3207 681 3308 urbibus,
703 3211 849 3300 castellis,
872 3225 906 3272 et
927 3209 1005 3272 vicis
1028 3226 1060 3275 et
1079 3211 1165 3293 agris
1183 3231 1260 3272 com·
1282 3215 1283 3218 ’

23 3299 25 3308 “
96 3291 129 3366 ‘,
216 3289 411 3370 morantes,
436 3293 603 3394 'proximis
632 3315 779 3357 normam
808 3313 896 3356 recte
926 3295 1061 3377 vivendi
1093 3301 1201 3360 verbo
1233 3308 1260 3360 et

228 3376 384 3459 exemplo
407 3379 562 3456 tribuunt.
605 3379 675 3442 Alii
704 3379 837 3458 quidem
867 3369 1141 3445 commanentiam
1164 3379 1260 3444 homi

224 3476 309 3526 num
340 3481 566 3544 aspernantes,
602 3479 646 3530 et
640 3465 758 3546 quieti
780 3485 857 3528 suae
881 3465 1023 3544 amplius
1042 3467 1259 3546 providentes,

226 3549 447 3628 frequentiam
476 3549 616 3631 fugiunt,
651 3548 777 3629 solique
805 3553 883 3612 Deo
906 3565 1069 3624 vacantes,
1098 3553 1140 3613 ad
1162 3554 1260 3647 sylva

216 3629 302 3696 rum
315 3635 575 3720 abditarumque
596 3637 746 3696 locorum
765 3635 896 3696 latibula
919 3635 954 3698 se
976 3637 1161 3702 conferunt.
1210 3631 1259 3698 Illi

228 3717 339 3782 lucem
372 3737 464 3780 suatn
497 3713 608 3784 lucere
641 3697 829 3783 hominibus
862 3721 902 3782 ad
931 3721 1065 3801 gloriam
1095 3711 1164 3784 Dei
1196 3741 1259 3782 non

229 3805 389 3866 abnuunt.
433 3804 491 3867 Isti
513 3819 660 3867 mortuos
682 3819 718 3867 se
740 3805 865 3902 mundo
888 3821 1141 3885 cognoscentes,
1165 3805 1259 3868 vitam

140 3957 152 3970 f
229 3907 323 3953 suarn
357 3905 434 3948 cum
466 3885 635 3953 Christo
627 3911 660 3949 m
692 3889 811 3952 Deo
803 3911 837 3950 m
868 3889 1029 3986 praesenti
1052 3894 1258 3962 abscondunt,

162 3965 456 4088 gloriamque
460 3993 562 4056 suam,
584 3972 691 4040 donec
713 3974 858 4046 Christus
880 3973 957 4066 vita
968 3995 1096 4043 eorum
1106 3975 1259 4060 gloriosus

1038 4077 1040 4085 ¹
1104 4120 1106 4127 s
1172 4079 1260 4142 appa·
