2628 4748
301 282 306 308 ι
383 296 386 302 .

216 377 294 459 allo
396 405 464 427 ··

219 585 265 631 ex
280 557 466 648 ‘superme-
481 560 659 646 majestatis
684 559 814 628 ultione
836 574 960 627 tanturn
982 561 1191 642 intumuerat,
1213 585 1250 630 er

220 663 417 730 tumoreque
446 665 573 732 praeter
600 669 730 712 morem
756 647 988 722 inundaverat,
1021 663 1184 712 uttotum
1206 672 1250 728 co·

220 733 364 816 operiret
387 736 577 800 exercitum.
621 733 712 823 Quid
734 735 928 816 ageremus?
959 733 1119 796 Divinam
1140 731 1174 796 id
1194 734 1256 796 ani-¹
1307 747 1308 750 ’

219 819 489 886 madversionem
521 819 629 902 potius
663 839 760 898 quam
794 820 975 880 naturalem
1007 815 1253 901 inundationem

202 921 293 970 'esse
315 905 567 980 considerantes,
590 900 874 984 amplius‘attoniti
895 903 1035 983 fuimusnj
1075 902 1136 968 Ad
1159 925 1253 983 equo·

217 1010 292 1054 rum
314 1003 424 1052 tamen
446 993 546 1055 robur
567 991 811 1060 convolamus,
835 987 1062 1069 unusquisque
1083 1005 1183 1071 prout
1205 1009 1255 1068 po·

192 1101 196 1120 ι
219 1089 352 1148 tuerat,
374 1093 506 1138 amnem
529 1073 661 1136 transire
682 1073 834 1154 gestiens.
877 1071 1124 1138 Videresmlio's
1148 1088 1254 1136 natan·

58 1187 62 1198 .
133 1199 134 1202 =
219 1173 286 1232 tes,
317 1158 394 1222 alios
417 1159 510 1239 equis
533 1159 761 1233 adhaerentes,
792 1157 887 1232 alios,
907 1170 953 1240 ¹ut
972 1157 1154 1238 periculum
1181 1159 1228 1220 eil
1246 1197 1264 1210 -.

62 1245 69 1282 ³
218 1259 351 1326 gerent,
386 1253 445 1324 p'er
466 1245 562 1306 funes
584 1239 808 1316 miserabiliter
821 1241 925 1314 trahi,
962 1241 1104 1312 aliosin
1133 1242 1255 1306 flumen
1284 1275 1285 1278 ¹

198 1329 403 1408 inordinate
438 1345 589 1402 ruentes,
622 1348 664 1388 ex
694 1349 734 1390 eo
765 1327 855 1406 quod
885 1325 952 1388 aliis
979 1327 1256 1408 impraemeditate
1307 1369 1308 1378 κ

222 1414 474 1494 implicarentur,
500 1413 657 1500 demergi,
678 1413 888 1494 populosque
907 1411 998 1490 quod
1014 1428 1152 1494 possent
1174 1433 1258 1494 prae·
1307 1489 1308 1496 ἵ

218 1497 361 1579 tergredi
384 1497 608 1572 aestimantes,
637 1497 780 1572 fluminis
802 1497 868 1578 ictu
890 1495 1187 1578 abripi,tcautibus
1210 1519 1257 1577 op

218 1581 326 1665 primi,
348 1582 450 1662 vique
472 1583 636 1664 gurgitum
659 1583 837 1662 absorptos,
859 1581 1258 1659 animamreddereinilu·

1307 1559 1308 1612 l

1307 1613 1308 1642 l

72 1739 74 1746 .
218 1669 320 1737 mirre.
364 1671 554 1728 Nonnullus
583 1665 715 1728 natandi
739 1667 910 1738 indoctos,
945 1666 1182 1740 ubi'natantes
1205 1685 1255 1752 ,sp-

141 1757 144 1770 '
218 1752 488 1835 prehendissent,
520 1769 555 1814 ut
585 1753 792 1826 evaderent,
813 1754 944 1823 tenere,
976 1750 1088 1830 sicque
1119 1751 1257 1900 affictas

124 1865 127 1870 ·
216 1836 413 1918 defatigare,
447 1839 555 1900 donec
584 1835 729 1917 resupini
759 1837 957 1899 cessantibus
986 1836 1135 1897 brachios

119 1974 124 1982 .
218 1922 337 2002 miglis,
360 1920 488 2000 utrique
511 1923 671 1982 submersi
693 1920 940 1984 suffocarentur.
977 1919 1093 2003 Aliqui
1116 1939 1200 2002 ergo
1221 1923 1262 2006 de

1143 1905 1146 1910 Δ
1216 1857 1257 1898 re

220 2005 318 2069 nobis
341 2006 529 2068 intentoris
550 2005 705 2070 Friderici
727 2005 829 2080 ducis,
852 2025 937 2084 quae
958 2005 1026 2066 sola
1043 2007 1089 2066 ab
1111 2006 1174 2068 hac
1198 2027 1259 2088 pet·

182 2125 184 2129 f
212 2089 347 2153 *niciosa
379 2091 472 2155 clade
499 2087 629 2171 penitus
657 2090 769 2152 illaesa
796 2091 989 2166 manebant,
1022 2109 1083 2152 nos
1106 2089 1260 2152 transtuli·

221 2193 309 2250 mus,
341 2173 452 2254 ibique
481 2195 570 2238 sacra
597 2175 767 2238 missarum
794 2176 945 2240 solennia
972 2175 1160 2250 audientes,
1196 2195 1259 2236 nou
1305 2223 1306 2226 ,

133 2259 135 2266 '
208 2255 299 2322 ¹curn
323 2259 452 2342 gaudio,
474 2261 533 2323 sed
555 2281 631 2323 cum
651 2256 752 2321 multa
768 2259 981 2324 amaritudine
1001 2258 1116 2335 cordis,
1139 2276 1258 2326 nostro·

137 2409 148 2421 ,
221 2364 296 2408 tum
318 2345 443 2406 luctum
473 2361 506 2408 et
529 2345 687 2428 gemitum
713 2343 903 2427 audientes:
937 2345 1155 2430 gaudeamus,
1188 2344 1260 2407 ceci·
1303 2371 1305 2383 ·

221 2429 372 2514 nimum
400 2426 559 2510 Denique
586 2428 639 2490 alii
666 2449 799 2510 amnem
827 2449 902 2492 cum
931 2445 1050 2512 magno
1080 2427 1203 2492 timore
1228 2449 1259 2490 at

221 2509 336 2596 labore
358 2518 607 2590 transmeabant,
630 2513 683 2576 alii
700 2513 846 2592 adunatis
863 2513 985 2590 rhedis,
1007 2511 1153 2594 aliisque,
1179 2535 1259 2594 quae

223 2595 347 2664 habete
368 2613 528 2682 poterant,
548 2593 771 2662 instrumentis
791 2595 949 2674 adhibitis,
972 2592 1083 2679 contra
1100 2597 1259 2680 impetum

145 2741 148 2749 .
222 2701 331 2762 aquae
353 2682 445 2764 quasi
466 2681 627 2764 desperati
654 2686 846 2765 repagulum
876 2685 1059 2766 ponebant,
1092 2685 1262 2746 transitum
1306 2727 1307 2748 1

145 2767 148 2774 '
221 2763 447 2832 inundationis
468 2769 711 2850 praestolantes.
733 2763 906 2856 Quantum
921 2779 1002 2832 vero
1020 2769 1184 2830 damnum
1201 2783 1260 2830 tam
1306 2791 1307 2796 ¹

211 2851 263 2938 'in
283 2853 449 2936 personis,
481 2851 584 2934 quani
601 2851 636 2912 in
656 2855 754 2932 rebus
777 2869 810 2916 et
832 2853 1021 2916 utensilibus
1044 2853 1086 2914 ad
1108 2853 1261 2916 tamlon·
1306 2851 1307 2906 l

218 2957 303 3019 ¹garn
330 2937 418 3003 ,viam
446 2936 652 3010 necessariis,
696 2937 855 3000 exercitus
877 2954 988 3008 noster
1015 2933 1060 3000 ibi
1089 2937 1258 3020 acceperit,

135 3014 138 3033 '
225 3022 336 3088 dicere
358 3045 427 3084 non
450 3036 587 3104 oportet.
632 3023 794 3086 Cerneres
816 3037 976 3103 sequente
1005 3023 1076 3097 die,
1109 3043 1188 3084 cum
1210 3021 1260 3084 mi·
1306 3037 1307 3044 ¹

72 3099 85 3120 '
134 3109 136 3113 ’
224 3105 330 3190 tigalis
352 3105 469 3188 aquis,¹
490 3124 645 3171 terrarum
666 3106 764 3168 iacies
786 3122 971 3188 appareret,
993 3105 1148 3171 omnibus
1170 3107 1259 3168 nobis

222 3189 288 3258 hac
310 3207 343 3256 et
363 3195 436 3256 illac
460 3192 627 3292 dispersis,
657 3191 959 3274 tamtristissimum
980 3193 1260 3254 tabernaculorum

225 3285 412 3340 nostrorum
444 3295 631 3360 aspectum,
666 3293 730 3354 qua
798 3276 955 3358 perendie
987 3293 1116 3358 poteras
1151 3275 1260 3338 videre

223 3362 468 3444 laetissimum,
486 3379 523 3424 ut
550 3381 620 3426 non
642 3357 759 3430 immet
773 3375 815 3435 to,
844 3379 963 3440 quanta
986 3360 1119 3424 divinae
1141 3363 1259 3424 celsitu·

227 3443 312 3508 dinis
334 3464 420 3516 esset
440 3447 602 3529 potentia,
636 3465 734 3526 quam
762 3445 932 3514 humanae
953 3443 1163 3528 jocunditatis
1184 3443 1260 3507 nihil

225 3527 310 3592 firmi
329 3529 463 3606 habens,
474 3528 574 3594 'velox
587 3546 806 3612 momentum,
817 3527 892 3596 luce
905 3531 1019 3592 clarius
1031 3547 1211 3612 appareret.
1223 3564 1260 3576 -

225 3617 320 3678 Dum
348 3617 430 3680 haec
460 3633 492 3683 et
520 3616 709 3696 hujusmodi
740 3631 888 3698 aguntur,
917 3615 951 3678 in
975 3615 1258 3694 Galliapexercitus

189 3735 191 3742 ·
223 3715 337 3762 noster
363 3705 415 3775 (ut
443 3701 662 3782 supradictum
692 3701 756 3778 est)
792 3699 970 3782 navigandi
1004 3693 1116 3763 labore
1146 3699 1260 3782 disper-

204 3805 289 3855 ¹sus.
302 3783 448 3866 ‘pelagus
467 3786 643 3866 operiebat,
667 3783 825 3870 quolibet,
846 3801 943 3866 prout
960 3799 1100 3868 poterat,¹
1114 3799 1148 3848 et
1167 3805 1260 3864 quan·

97 3868 99 3874 ’
198 3872 291 3946 do,
318 3869 459 3950 ¹diversa
488 3887 547 3952 per
573 3871 646 3932 loca
672 3868 750 3932 litus
778 3869 933 3952 attingere
967 3885 1117 3954 conante.
1175 3871 1261 3933 Nam

179 4027 183 4034 Α
219 3953 422 4036 Ludovisut
451 3951 653 4044 Francorum
680 3974 739 4020 rex
765 3953 861 4044 ›justa
887 3953 1117 4050 Antiochiam,
1158 3951 1260 4040 patrui

578 4059 580 4062 ·
659 4073 662 4080 ·
1176 4057 1260 4104 com
