2682 4756
72 613 147 670 vsna
178 594 281 658 fidem
313 593 412 677 plane
444 593 654 674 catholicam,
698 592 927 687 authoritatem
958 597 1139 676 ecclesias‘,=

90 677 279 760 dignitatem
301 674 499 764 reipublicae
522 678 717 765 prodiderit,
750 703 785 748 se
809 688 844 750 in
867 687 1028 750 ultionem
1056 689 1128 770 ejus

89 783 221 838 omnes,¹
254 785 334 844 quas
367 769 686 850 potuerint,·papae
719 771 851 851 injurias
884 772 1062 853 irrogasse,
1094 787 1129 836 et

90 857 178 917 nuric
199 851 305 930 (quud
329 850 417 914 dictu
438 869 573 934 quoque
596 869 689 938 turpe
712 855 766 931 sit)
795 875 830 920 se
849 857 893 918 'in
922 857 1039 922 mediis
1061 879 1130 938 per-

92 933 311 998 turbationum
338 936 490 1001 fluctibus
520 939 655 1020 relictis,
688 940 796 1022 ipsum
826 942 886 1004 sibi
915 935 1129 1018 corisuluisse,

80 1019 121 1082 'et
142 1041 222 1080 curn
243 1021 337 1084 hoste
360 1023 494 1102 publico
516 1012 640 1120 privat‘a
668 1027 912 1092 necessitudine
939 1027 975 1088 in
997 1026 1131 1110 gratiam
1206 1099 1211 1112 Ι

89 1103 237 1170 rediisse·
288 1107 386 1170 Haec
415 1106 619 1194 potissimum
645 1111 810 1194 principes
832 1111 948 1176 Italiae
967 1112 1131 1193 jactando,

91 1205 122 1252 et
149 1189 272 1272 passim
299 1212 361 1276 per
386 1187 547 1275 p'opulum
576 1197 736 1272 serendo,
774 1197 889 1280 ingens
919 1197 988 1279 regi
1016 1197 1131 1260 odium

83 1276 185 1338 «brevi
214 1276 461 1340 conflaveranta·
482 1279 641 1343 *Adulta
659 1285 825 1363 postremo
855 1282 1032 1358 seditione,
1066 1303 1132 1344 una

93 1359 243 1422 omnium
265 1359 428 1438 voluutas,
449 1382 516 1426 una
534 1369 695 1430 sententia
714 1359 792 1444 erat,
813 1382 849 1429 ut
867 1367 1012 1444 abdicato
1030 1382 1132 1466 patre,

95 1445 148 1525 qui
172 1450 258 1530 ultro
282 1448 374 1527 regni
397 1449 536 1518 fascibus
560 1451 731 1536 indignum
755 1465 797 1516 se·
813 1454 993 1528 effecisset,
1026 1452 1132 1514 hlium

92 1532 181 1610 ejus,
212 1530 288 1594 licet
308 1531 478 1613 impubem
502 1537 625 1611 adhuc,
658 1553 691 1600 et
712 1539 804 1622 regni
826 1536 965 1624 negotiis
986 1537 1134 1600 immatu-

91 1635 177 1689 rum,
199 1635 313 1702 regem
335 1618 395 1680 sibi
418 1619 579 1694 facerent,
602 1639 635 1685 et
656 1643 732 1684 cum
755 1645 796 1688 eo
820 1628 962 1687 Romam
986 1621 1133 1703 profecti,
1230 1661 1233 1668 ·

91 1721 213 1782 papam
235 1704 335 1764 alium
358 1703 534 1786 eligerent,
556 1727 615 1788 per
637 1709 736 1788 que'm
758 1723 791 1772 et
814 1708 885 1792 ipse
907 1707 1056 1790 protinus
1077 1706 1135 1768 im·
1180 1769 1184 1772 .

2 1839 3 1842 ,
93 1803 225 1866 perator
245 1805 504 1865 consecraretur,
534 1809 567 1855 et
589 1793 700 1854 omnia
722 1815 827 1876 papae
849 1795 946 1876 hujus
970 1791 1135 1874 apostatici

2 1907 3 1928 2
93 1889 184 1951 gesta
217 1889 427 1936 cassarentur.
491 1878 623 1940 Perlutb
657 1879 698 1939 ad
731 1900 843 1960 regem
878 1895 942 1941 tam
977 1879 1134 1960 molestae

93 1957 340 2039 conspirationis
361 1958 496 2034 nuntio,
517 1965 606 2025 misit
625 1981 782 2044 propere,
812 1963 967 2044 quicquid
990 1964 1077 2044 apud
1099 1978 1135 2025 se
1168 1983 1172 1992 ·

2 2096 4 2099 ,
95 2045 283 2124 principum
306 2057 391 2118 erat,
413 2059 450 2106 ut
471 2065 601 2128 quaqua
622 2047 760 2123 ratione,
782 2067 913 2130 quaqua
935 2063 1070 2130 possent
1090 2046 1136 2110 in-

95 2129 235 2200 dustria,
269 2129 423 2192 efferatae
454 2133 669 2194 multitudinis
699 2135 825 2197 animos
856 2127 1068 2214 mitigarent,
1090 2151 1136 2196 ne

94 2212 237 2280 moleste
260 2215 458 2294 acciperent,
492 2219 611 2295 autin
642 2220 874 2284 contumeliam
898 2239 990 2281 suam
1012 2219 1135 2280 factum
1170 2277 1172 2282 .

94 2315 302 2382 reputarent,
338 2301 429 2378 quod
457 2317 602 2372 extrema
625 2301 815 2368 necessitate
840 2305 1028 2386 compulsus
1051 2323 1137 2366 com·

3 2421 5 2444 ς
95 2384 207 2446 munis
229 2386 550 2450 commoditratione
580 2391 725 2462 fecissetr
756 2411 819 2452 nec
840 2387 1032 2452 Teutonicis
1054 2389 1137 2468 prin·

3 2525 5 2528 .
96 2471 234 2550 cipibus,
257 2469 313 2550 qui
336 2469 477 2555 sibi'per
498 2475 694 2536 calumniam
717 2495 856 2556 regnum
879 2477 1005 2556 eripere
1028 2473 1138 2534 dedita

4 2611 5 2615 ,
96 2577 200 2635 opera
228 2554 510 2639 maeltinsrenturr
545 2579 608 2622 nec
636 2561 797 2628 Romano,
823 2557 984 2641 pontifici,
1017 2555 1075 2638 qul
1097 2555 1139 2618 ad

3 2699 4 2702 ,
97 2643 317 2704 evertendum
347 2643 466 2704 staium
495 2659 624 2708 sanctae
653 2644 809 2709 ecclesiae
842 2643 997 2728 spirituali
1029 2642 1147 2732 gladiu'

3 2753 4 2756 ¹
97 2727 356 2814 circumquaque
378 2728 565 2810 fulguraret,
587 2729 679 2792 aliter
700 2729 845 2804 satisfieri
866 2729 1021 2812 potuisse,
1039 2745 1139 2808 quam·

50 2878 54 2896 ⁶
97 2827 133 2872 ut
155 2827 235 2873 ante
255 2827 406 2872 statutam
425 2817 513 2878 diem
535 2815 875 2880 excommunicatione
897 2813 1138 2884 absolvereturt

3 2953 4 2956 ,
79 2916 193 2983 ,nunc
214 2915 250 2972 se
271 2897 424 2960 omnibus
447 2901 619 2982 angustiis,
651 2899 769 2980 qulbus
789 2901 858 2963 vias
878 2901 949 2986 ejus
964 2897 1142 2960 conclusis·
1163 2943 1166 2958 .

99 2998 176 3044 sent
193 2981 332 3068 inimici,
364 2981 559 3070 liberatum„
586 3007 722 3052 omnem
742 2985 896 3066 deinceps
910 3001 1028 3046 'curam
1048 2983 1141 3044 in'du·

3 3095 4 3098 ¹
99 3067 279 3146 striamque
291 3069 335 3130 ad
350 3066 561 3133 vindicandas
577 3087 696 3135 suaset
709 3070 842 3134 illorum
862 3070 993 3152 injurias
1014 3067 1143 3135 transla-

101 3165 226 3234 turum.
284 3153 354 3215 Vix
376 3157 509 3219 tandem
538 3175 725 3238 compresso
747 3157 854 3237 potius
876 3172 976 3235 quam
997 3153 1141 3218 extincto

102 3235 256 3300 concitati
279 3238 437 3302 tumultus
467 3241 640 3316 incendio,
678 3244 826 3324 plerique
858 3261 900 3305 erc
932 3236 1166 3321 principibus*

103 3323 214 3386 castris
236 3343 272 3388 se
292 3345 353 3404 per
371 3321 451 3386 iram
473 3327 710 3399 subirahentes,
732 3326 846 3407 injussi
865 3325 899 3386 in
925 3345 981 3386 sua
1002 3323 1143 3386 rediere.
1208 3399 1211 3408 .
1251 3354 1253 3364 ·

14 3464 18 3482 ,
83 3405 249 3484 -Gaeteri,
271 3409 614 3496 dissimulata'interim
628 3412 803 3486 iracundia,
821 3413 1016 3474 redeuntem
1030 3427 1143 3490 regem

104 3493 240 3576 pacifice
256 3511 465 3577 exceperunt,
481 3497 540 3560 sed
553 3519 665 3578 neque
678 3511 867 3559 consuetam
883 3495 913 3560 ei
925 3494 1145 3558 reverentiam
1205 3503 1207 3510 '

106 3579 315 3652 deferebant,
337 3595 449 3660 neque
470 3599 534 3657 tam
555 3597 768 3662 sumptuosa,
786 3599 821 3643 ut
842 3581 947 3663 prius,
974 3597 1077 3660 utque
1095 3581 1145 3644 rb·
1184 3613 1187 3626 ·

19 3664 21 3672 '
106 3665 195 3745 giam
217 3666 491 3746 magnificentiam
516 3668 687 3738 decuerat,
725 3667 855 3730 servitia
879 3667 910 3730 ei
933 3665 1142 3742 exhibebant,

107 3751 169 3818 sed
192 3752 315 3812 aversis
329 3752 448 3826 oculis,
470 3751 595 3816 infestis
614 3751 789 3826 mentibus,
811 3749 929 3833 passim
952 3771 1010 3832 per
1028 3766 1146 3814 omnes

18 3881 20 3893 .
109 3836 249 3916 angulos
269 3835 312 3897 de
332 3835 465 3900 levitate
489 3851 522 3900 et
540 3837 661 3918 ineptia
682 3837 753 3916 ejus
779 3835 1005 3912 mussitabant,
1039 3853 1145 3897 socor-
1172 3902 1176 3922 l

109 3919 265 3999 diemque
280 3924 481 3996 accusabant,
503 3924 594 4000 quod
609 3938 673 3984 tam
689 3923 745 3984 diu
761 3935 958 4002 expectatus,
971 3933 1037 3981 tam
1051 3919 1147 3984 anxie

110 4005 322 4078 desideratus,
335 4005 545 4086 periclitantis
558 4009 671 4070 Italiae
686 4007 918 4072 calamitatibus
931 4003 1014 4068 nihil
1028 4019 1148 4086 pqstre-

110 4089 168 4151 ino
184 4091 264 4174 spei,
285 4090 367 4170 nihil
381 4091 532 4183 praesidii
548 4095 713 4191 attulisset.
767 4139 771 4150 .
1031 4085 1148 4189 xm·
