2682 4756
15 613 16 616 ,
70 563 269 630 expensum.
310 541 433 636 Coepit
452 561 604 644 namque.
622 542 662 608 ad
684 565 762 610 eum
782 495 987 632 concurrere
1011 547 1111 610 maxi
1171 523 1197 570 '¹
1259 571 1262 578 ·

69 655 129 697 ma¹
150 651 221 712 pars
245 623 383 700 rnilitum
405 629 461 710 qui
483 647 575 696 erant
595 631 631 692 in
652 631 824 696 obsidione
846 633 916 696 illas
938 634 981 696 ita
1002 649 1039 702 ut
1059 653 1109 698 co

63 739 143 784 anes
168 721 262 797 Roga
264 715 330 778 rius
352 737 439 796 pene
462 717 551 782 solus
570 735 764 792 remanens,
796 737 1015 798 reversusque
1039 717 1111 782 Sici·
1144 789 1145 798 ι

68 804 169 877 liam,
191 803 319 864 doleret
341 820 376 863 se
398 816 531 898 gentem
554 799 698 864 aririsisse
720 821 824 898 suam.
867 803 1065 868 Reversus
1057 819 1112 866 ua
1129 832 1131 838 ·

71 909 156 984 que
169 886 421 958 Boamundus
413 908 449 948 ιιι
476 902 591 948 terram
616 884 714 949 'suam
743 885 872 950 iterum.
925 884 1111 986 Diligenter

55 974 164 1038 -enim
191 971 339 1051 undique
368 971 555 1048 honestavit
583 991 655 1036 sese
685 961 726 1034 ad
753 971 981 1054 incipiendum
1010 969 1112 1038 sancti

72 1057 272 1140 septilchri
264 1074 336 1122 tter.
400 1059 553 1121 Tandem
586 1057 801 1120 transfretavit
828 1077 917 1120 mare
945 1077 1020 1120 cum
1041 1077 1125 1122 suo.
1151 1125 1157 1146 .

72 1143 237 1218 exercitu,
270 1158 303 1205 et
331 1145 406 1204 otim
434 1163 477 1206 eo
500 1143 768 1223 prudentissimus
790 1141 999 1220 Tancredus,
1026 1137 1113 1209 Mas·

72 1228 297 1302 chisiifilius,
330 1242 459 1290 etcum
483 1249 524 1295 eo
548 1228 599 1288 alii
620 1231 743 1310 plures·

161 1314 290 1376 Omnes
318 1311 606 1376 transfretaverunt
635 1327 667 1374 et
696 1303 950 1393 applicuerunt
940 1330 976 1374 ιιι
996 1312 1113 1396 Bulga·

72 1387 142 1463 riae
164 1413 296 1480 partes,
326 1396 382 1458 Ibi
410 1397 612 1460 invenerunt
641 1397 874 1458 abundantiam
901 1399 1057 1462 frumenti
1079 1413 1119 1465 et'
1190 1385 1201 1410 ²

60 1483 163 1558 nini,
202 1498 235 1548 et
264 1479 409 1546 alimenti
437 1482 591 1562 corporis.
644 1483 781 1546 Deinde
810 1474 1086 1548 descendentes
1077 1475 1115 1546 ιιίΙ

73 1570 199 1632 vallem
222 1571 265 1632 de
285 1567 541 1654 Andronopoli,
569 1559 712 1647 illioque
724 1551 948 1648 applicantes,
967 1585 1115 1650 expecta·

72 1670 199 1719 verunt
222 1669 354 1738 gentem
376 1669 486 1750 suant,
515 1655 623 1716 donec
644 1672 761 1716 omnes
784 1651 995 1754 transfretati
998 1673 1115 1734 aequa·

72 1741 150 1802 liter
170 1739 298 1804 fierent.¹
320 1741 419 1800 Tunc
436 1735 582 1800 exientes
603 1737 693 1816 inde,
714 1752 880 1802 venerunt
899 1759 959 1820 per
970 1726 1114 1817 nimiam
1171 1737 1173 1746 ’

61 1823 329 1909 plenitudinem,
352 1837 385 1886 et
402 1823 452 1884 de
464 1821 566 1884 villa
557 1843 591 1884 m
608 1821 730 1897 uillam,
748 1824 790 1886 de
801 1837 903 1884 castro
916 1823 952 1894 in
965 1841 1115 1924 castrum,
1223 1880 1226 1892 ,

62 1916 254 1990 'quousque
275 1905 475 1990 perveniunt
494 1906 529 1968 in
552 1907 745 1987 castoriam,
777 1905 889 2006 ibique
910 1907 1114 1974 nativitatem
1182 1985 1186 1992 1

73 1995 219 2060 Domini
241 1994 439 2060 solemniter
452 1993 665 2063 celebrarunt.
707 1991 868 2090 Egressi
859 1999 982 2074 rta'que
980 1993 1036 2058 de
1058 1997 1115 2058 Ca

73 2081 194 2155 storia,
226 2079 429 2144 intraverunt
456 2077 492 2141 in
518 2069 748 2158 Pelagoniam,
779 2061 816 2140 in
837 2097 902 2158 qua
924 2093 993 2142 erat
1013 2080 1116 2162 quod·

15 2167 16 2174 '
74 2169 158 2230 dam
186 2165 425 2230 haereticorum
449 2178 598 2226 castrum.
654 2162 709 2224 llli
733 2182 813 2224 vero
834 2157 983 2274 undique
1007 2167 1116 2248 adgre-

73 2253 208 2322 dientes
228 2251 320 2325 illud,
337 2271 401 2314 una
421 2271 497 2312 cum
514 2247 772 2310 habitatoribus
763 2266 799 2308 ιιι
815 2244 947 2322 lacum,¹
955 2249 1013 2312 ubi
1031 2249 1116 2314 aedi·

73 2338 213 2398 licatum
234 2336 348 2409 fuerat,
371 2336 460 2414 quod
483 2333 640 2396 continuo
660 2331 695 2392 in
716 2346 828 2404 nostro
850 2335 1023 2396 subdunt'
1015 2355 1116 2414 smpe-
1197 2346 1199 2349 ’

73 2422 135 2505 rio.
182 2418 369 2485 Accenso
360 2434 469 2499 itaque
491 2419 578 2501 igne,
601 2417 852 2482 combusserunt
872 2433 1011 2482 castrum
1032 2417 1116 2482 illud

75 2529 146 2570 una
171 2528 247 2568 cum
268 2505 498 2568 habitatoribus
528 2505 604 2580 suis,
632 2501 755 2566 scilicet
782 2502 1021 2568 haereticorum
1034 2523 1118 2580 ,con
1129 2547 1132 2560 .

76 2574 283 2677 gregatione.
335 2592 456 2654 Postea
477 2587 566 2652 enlm
588 2603 814 2670 pervenerunt
834 2589 875 2650 ad
895 2587 1022 2651 flumen
1043 2591 1119 2652 Bar
1143 2656 1145 2663 ,

17 2695 19 2702 ⁴
75 2681 214 2740 darum.
262 2675 411 2766 Perrexit
443 2673 553 2754 itaque
587 2673 803 2738 Boamundus
831 2693 907 2738 cum
934 2693 1000 2736 una
1018 2689 1119 2756 parte

75 2763 187 2848 gentis
209 2783 299 2826 suae
347 2750 427 2834 Alia
448 2779 520 2841 pars
541 2759 695 2829 remansit
712 2753 813 2820 simul
835 2780 911 2822 cum
933 2759 1052 2825 comite
1074 2760 1119 2824 de
1195 2789 1197 2793 ·
1266 2739 1270 2750 ,

76 2839 274 2923 Russinolo,
295 2861 328 2928 et
350 2846 541 2908 cumfratre
564 2863 625 2908 suo
647 2839 814 2926 episcopo·
852 2839 1024 2908 Veniens·
1030 2863 1119 2908 nam·

76 2953 147 3013 que
183 2931 342 2997 exercitus
376 2929 520 3022 execrati
546 2929 765 3012 imperatoris,
809 2929 952 2992 invasit
963 2930 1119 2994 comitem

78 3037 159 3081 cum
182 3020 279 3080 fratre
300 3037 378 3092 ιιιο,
399 3031 434 3078 et
455 3015 533 3077 alios
556 3035 683 3080 omnes.
726 3014 911 3080 Audiens
903 3031 1012 3094 itaque
1033 3017 1119 3080 Tan·

77 3100 200 3168 credus
222 3099 494 3202 prudentissimus
517 3100 629 3176 miles,
660 3100 824 3198 projectus
851 3099 886 3162 in
912 3101 1039 3164 flumen
1065 3122 1119 3164 na·

78 3190 184 3287 tando
207 3187 358 3286 persenit
380 3187 422 3250 ad
443 3187 525 3248 illos.
575 3189 655 3247 Duo
676 3183 776 3250 millia
799 3183 938 3272 militum
960 3185 1120 3250 miserunt

78 3293 115 3338 se
140 3273 177 3335 in
199 3271 346 3348 flumine,
369 3273 541 3351 sequendo
563 3271 799 3343 Tancredum.
816 3258 1037 3334 Novissime
1028 3291 1120 3334 tnve-
1151 3301 1171 3348 χ
1267 3291 1270 3300 ’
1317 3253 1319 3264 ’

78 3372 206 3422 nerunt
232 3358 439 3456 Turcopolos
478 3372 512 3420 et
533 3355 768 3431 ιΡίιιιίιιιιιιοι,
801 3354 990 3420 dimicantes
1023 3355 1122 3420 simul

81 3465 162 3510 cum
176 3442 319 3518 nostris,
351 3461 472 3524 quosr
456 3431 592 3522 repente
613 3441 766 3504 fortiter'
757 3453 963 3516 mvaserunt,
994 3453 1029 3505 et
1049 3461 1123 3524 pru

80 3532 204 3594 denter
237 3549 295 3592 eos
328 3542 574 3612 superaverunt.
617 3527 661 3594 Et
692 3526 979 3608 apprehenderunt
1010 3527 1121 3617 plures

81 3613 217 3688 exeis,
250 3629 283 3678 et
305 3613 469 3678 duxerunt
495 3627 553 3674 eos
580 3609 695 3695 ligatos
721 3627 795 3676 ante
818 3610 1007 3678 Boamtmdi
1033 3631 1124 3694 prae.

80 3701 236 3782 sentiam,
288 3699 390 3798 Quos
425 3699 595 3774 alloquens
627 3697 859 3773 Boamundus,
891 3695 987 3760 dixit.
1020 3715 1123 3778 quare

76 3785 197 3852 miseri
229 3783 372 3850 occiditis
404 3798 537 3868 gentem
571 3776 688 3846 Christi
719 3782 800 3845 milti
832 3781 1015 3846 subditam?
1045 3782 1121 3864 Ego

78 3870 272 3940 enimcum
296 3885 415 3932 vestro
428 3869 621 3950 imperatore
646 3867 888 3966 altercationem
915 3864 1023 3934 habeo
1050 3865 1124 3930 nula
1220 3868 1226 3874 “

77 3955 160 4016 lam.
196 3955 273 4042 Qui
295 3954 461 4077 dixerunt:
492 3952 594 4018 nostri
614 3951 845 4068 imperatoris
834 3946 932 4036 jussis
953 3955 1136 4050 οδιιιιιριν

927 4049 934 4058 “
1012 4051 1143 4103 rantes
