2664 4754
131 359 137 378 Ι
226 405 304 496 451
367 441 370 448 ’

272 591 630 676 reichhaltigsten
660 591 861 682 Quellen,
892 587 1050 654 welche
1078 607 1152 655 aus
1189 588 1282 652 dem

273 679 527 746 Mittelalter
549 679 713 758 ,annuns
735 679 982 760 gekommen
1003 674 1106 738 sind.
1163 673 1283 738 Aus-

270 768 392 850 gabe,
421 763 463 826 in
484 763 629 827 Mutat.
663 762 736 824 Th.
758 763 790 828 6·

232 897 277 988 a)
305 899 435 984 A-Be,
462 897 509 962 A.
540 895 746 972 Unruheu
774 895 818 960 in
846 849 1006 980 Genua,
1040 895 1158 977 1169.
1208 895 1285 984 ¹Ot-

170 1075 174 1084 .
215 985 220 1006 ¹
294 981 718 1084 ¹bert,13.2.p·.324

133 1169 139 1176 .
237 1143 242 1152 ·
276 1122 319 1186 Β.
360 1118 561 1188 Unruhen
598 1083 843 1194 in¹.Genua,
885 1119 998 1186 1262.
1049 1111 1283 1180 Bartholo-

320 1211 450 1298 mius,
480 1205 760 1284 B.6.1J·529·x
889 1201 893 1220 ’

203 1476 212 1498 ,
314 1426 493 1518 ¹Tempore
513 1432 575 1496 isto
596 1431 794 1516 respublica,
821 1451 907 1512 quae
929 1453 947 1494 a
969 1431 1068 1496 sexto'
1086 1433 1281 1506 consulatu,

236 1533 339 1586 marte
361 1520 506 1595 virente,
538 1521 644 1582 iuerat
674 1519 767 1580 omni
787 1517 942 1582 felicitate
961 1516 1158 1582 intrinsecus
1183 1517 1282 1580 desti.

204 1641 209 1656 ·
237 1619 315 1680 tuta,
337 1603 413 1670 vitis
433 1601 620 1678 fortunatis,
642 1619 676 1667 et
696 1599 791 1666 bottis
813 1601 1000 1664 consulibus
1022 1603 1156 1677 tradita,
1179 1603 1282 1666 felici-

237 1705 288 1756 ter
309 1707 401 1754 aucta
422 1687 493 1752 luit.
536 1687 666 1774 Quibus
687 1687 896 1761 intrantibus,
921 1703 1021 1750 castra
1041 1707 1226 1774 quaeque,
1248 1701 1281 1750 et

182 1827 185 1834 .
238 1775 518 1860 aliaueipublicae
540 1771 749 1854 pertinentia,
768 1763 923 1835 'hohestis
950 1773 1057 1834 modis
1083 1786 1279 1835 tractarunt.

213 1861 282 1932 ¹Et
309 1863 384 1940 quia
412 1857 547 1940 praefati
574 1857 725 1922 consules
754 1869 840 1920 tauta
868 1856 1085 1920 imbecillitate
1117 1856 1280 1938 reipubli-

237 1965 296 2009 cae
318 1944 408 2005 cives
432 1945 533 2010 multo
555 1942 698 2006 leviores
720 1941 815 2004 solito
838 1957 1077 2024 cognoverant,
1098 1957 1134 2005 et
1156 1948 1279 2006 eorum

233 2027 359 2094 auxilio
385 2049 462 2090 eam
491 2028 546 2088 vix
564 2043 664 2108 posse
688 2028 727 2088 ad
750 2025 920 2107 pristinum
941 2039 1057 2088 statum
1079 2026 1203 2090 reduci
1225 2029 1280 2088 du·

237 2111 394 2186 bitarent,
422 2131 480 2176 eos
508 2113 644 2174 demum
666 2110 777 2176 hostes
799 2109 960 2185 manibus,
982 2111 1010 2172 si
1031 2111 1116 2176 sorte
1140 2127 1277 2192 tempus

236 2211 422 2280 praestaret,
455 2196 491 2256 in
516 2195 646 2258 vicinos
678 2195 905 2260 exhortatione
937 2198 1110 2258 consulum
1134 2196 1279 2259 minime

237 2302 363 2364 ponere
393 2281 479 2344 velle
509 2295 774 2361 praesumerent,
807 2294 987 2343 statuerunt
1015 2301 1056 2352 ex
1078 2281 1194 2344 libero
1218 2301 1279 2342 suo
1322 2327 1323 2350 ,

213 2386 218 2416 t
236 2366 365 2442 arbitrio
394 2366 528 2428 clientes
556 2385 696 2428 numero
723 2381 785 2430 200
814 2365 849 2426 in
873 2367 954 2428 urbe
981 2385 1082 2445 quam
1111 2363 1180 2427 cito
1206 2385 1278 2429 esse

175 2483 178 2490 ·
227 2446 384 2523 duturosi
405 2463 464 2514 ,ert
497 2449 545 2512 eis
579 2451 740 2524 maxime,
779 2449 835 2528 qui
867 2451 1082 2532 promptiores
1112 2449 1278 2524 hactenus

236 2551 513 2618 cognoscerentur
535 2537 574 2596 ad
597 2537 719 2614 malum
749 2535 991 2616 peragendum,
1018 2555 1117 2614 quam
1146 2537 1194 2596 ad
1227 2539 1277 2598 bo·
1321 2535 1322 2608 ζ

191 2688 200 2706 ,
236 2639 336 2696 num,
361 2635 396 2683 et
406 2619 466 2699 qui
480 2615 594 2682 'omnia
604 2619 863 2700 postposuissem
873 2635 1006 2700 propter
1016 2622 1146 2693 Deum,
1170 2641 1277 2699 quem
1321 2629 1322 2639 ¹

206 2695 305 2767 'non
335 2705 506 2772 offendere
535 2705 583 2774 fas
612 2721 662 2768 est
687 2703 805 2768 leviter
827 2745 900 2766 ....
921 2705 1084 2782 iacienda,
1115 2704 1278 2788 incipien-

128 2784 132 2792 ’
236 2791 288 2864 da,
309 2791 492 2852 dummodo
515 2790 656 2864 lucrum,
677 2787 777 2852 etiam
800 2789 1032 2869 quodcumque
1055 2809 1220 2871 parvum,
1244 2811 1277 2853 se
1320 2813 1321 2846 2

235 2874 401 2936 habituros
422 2889 600 2954 sperarent.
654 2873 875 2936 Venientibus
896 2874 1066 2954 praedictis
1087 2875 1277 2950 clientibus,
1320 2897 1321 2921 t

234 2962 387 3022 consules
408 2959 557 3020 fecerunt
579 2958 732 3040 hospitari
753 2949 913 3038 quosdain
936 2981 979 3024 ex
998 2960 1096 3022 eisin
1117 2961 1275 3024 domibus

234 3043 373 3124 Ingonis
395 3041 564 3106 devoto
586 3059 618 3105 et
638 3041 829 3117 Amicottis,
850 3043 959 3108 invitis
982 3043 1140 3121 dominis,
1160 3061 1199 3110 et
1222 3047 1275 3108 do-

148 3191 155 3202 „
233 3129 394 3203 lentibus;
427 3147 574 3208 namque
600 3129 718 3190 domus
745 3127 877 3190 illorum
903 3127 1011 3192 litibus
1040 3145 1073 3194 et
1102 3130 1273 3193 discordiis

66 3207 80 3231 ⁸
234 3231 392 3294 magnum
420 3212 624 3294 praestabant
651 3215 848 3276 sortientum.
913 3213 986 3280 Alii
1012 3213 1138 3296 quippe
1164 3215 1274 3298 hospi·

234 3296 289 3358 tati
317 3313 393 3360 sunt
421 3299 456 3360 in
486 3297 554 3373 via,
582 3313 738 3376 quaeest
768 3315 785 3357 a
807 3313 901 3378 porta
927 3299 1076 3382 desuper
1098 3301 1274 3364 ecclesiam

233 3383 334 3443 sancti
361 3381 539 3446 Laurentii.
583 3381 635 3443 Eo
658 3381 777 3461 utique
805 3382 971 3459 fecerunt,
1005 3399 1041 3444 ut
1061 3384 1214 3448 introitus
1237 3387 1275 3448 ci·
1318 3407 1319 3420 ¹

232 3463 339 3528 vitatis
356 3463 403 3530 'ex
425 3488 463 3530 ea
487 3481 576 3547 parte
596 3466 787 3530 redderetur
809 3467 960 3532 securior.
1000 3469 1077 3554 Quo
1099 3471 1197 3544 facto,
1222 3472 1273 3532 ha·

231 3549 374 3612 buerunt
394 3551 477 3614 intra
502 3571 538 3615 se
567 3549 667 3632 ipsos·
681 3550 872 3625 consilium,
891 3552 1055 3618 dicentes:
1086 3554 1272 3630 „faciamus

230 3631 360 3708 Breve,
382 3638 423 3702 ad
445 3638 535 3716 quod
558 3655 675 3698 ornnes
697 3635 786 3698 cives
808 3635 954 3713 nobiles,
976 3653 1010 3702 et
1030 3637 1153 3712 infimi,
1174 3653 1271 3720 quos-

52 3753 57 3760 ·
115 3786 118 3790 ¹
163 3739 169 3760 κ
232 3735 376 3796 cumque
398 3720 645 3793 vocaverimus,
672 3719 784 3800 jurent
805 3736 894 3783 staret
909 3721 944 3782 in
966 3739 1075 3786 nostra
1096 3725 1271 3788 ordinatio-

170 3821 172 3826 ·
230 3819 276 3865 ne
299 3802 342 3864 de
359 3823 443 3882 pace
466 3805 707 3886 componenda,
731 3820 763 3868 et
784 3804 964 3868 inferenda
977 3827 1095 3888 guerra
1116 3809 1190 3885 illis,
1214 3809 1270 3892 qui

231 3893 431 3950 contrarios
460 3889 582 3972 aliquid
609 3889 718 3966 facere
746 3891 1038 3972 praesumpserint,
1071 3893 1129 3955 vel
1149 3901 1270 3957 ‘contra

230 3957 375 4050 aliquem
403 3969 445 4036 de
467 3975 610 4055 populo,
639 3972 693 4050 cui
713 3991 774 4056 pto
795 3974 859 4040 hcc
880 3978 976 4038 causti
997 3997 1117 4060 guerra
1134 3980 1270 4044 forsitan
1296 4003 1301 4010 ·

1099 4141 1101 4148 .
1148 4085 1266 4154 ,³Pil2·
