2682 4756
217 387 312 508 '218
393 367 399 378 ”

95 550 99 559 ’
144 561 165 622 ‚'
235 569 382 659 negotiis
396 567 565 669 implicent
586 500 802 644 seminibus,
824 583 898 628 cum
924 536 1263 640 instauraremus
1316 539 1317 542 Ἴ

149 649 152 662 ’
234 667 396 740 tempore,
424 655 583 753 propriae
596 650 773 720 voluntatis
794 650 961 750 arbitrium
982 671 1054 714 non
1075 653 1264 722 remanserit.

172 791 174 798 ,
236 742 412 810 Guaiensis
438 738 585 838 episcopi
614 756 764 809 causam,
799 735 895 798 sacris
925 737 1064 800 omnino
1091 739 1263 810 omonibus

236 828 382 903 obviare,
402 844 473 892 non
494 823 620 897 neema,
641 839 807 897 caeterum
830 821 908 919 quia
929 820 1014 886 inter
1034 823 1188 886 barbaros
1208 827 1265 888 ιιι

113 981 117 990 ,
143 976 147 990 ,
222 915 343 980 ἰιιιοι
369 925 405 976 et
425 911 542 976 stolide
564 923 733 990 promotus
756 921 822 980 est,
849 907 884 972 iu
906 923 982 970 tuse
1003 907 1207 972 fraternitatis
1224 932 1264 974 ..ιι

234 998 330 1069 bitrio
351 996 517 1080 ponimus.
542 995 594 1060 sic
616 1009 737 1066 tamen,
757 1008 795 1056 ut
816 993 859 1055 de
881 1009 1010 1056 caetero
1027 991 1063 1056 in
1081 1014 1125 1058 ea
1140 994 1263 1078 regione
1317 1055 1318 1064 ,

236 1081 428 1181 hujusmodi
455 1101 526 1146 non
552 1093 784 1176 praesumatur
805 1076 1058 1146 animadversio.
1103 1079 1204 1170 Quod
1223 1100 1264 1144 su
1317 1115 1318 1162 4

193 1219 195 1222 .
234 1190 296 1318 fer
279 1167 473 1248 rejusdem
499 1163 648 1248 episcopi
674 1162 822 1246 negotio,
852 1165 888 1228 et
907 1163 976 1226 aliis
996 1166 1097 1228 rebus
1101 1185 1179 1252 per
1197 1164 1263 1232 fide
1317 1173 1318 1178 ’

249 1275 268 1318 s

203 1323 210 1336 Ι
269 1252 439 1318 enunties
460 1249 644 1333 dirigimus,
679 1263 834 1347 tanquam
861 1269 904 1314 ex
930 1263 1044 1314 nostro
1072 1245 1132 1348 ope
1155 1251 1264 1316 audias

140 1370 142 1382 ·
234 1329 390 1418 Munera,
412 1357 498 1418 quae
520 1339 617 1400 beato
641 1335 739 1408 Petro
760 1333 890 1408 misisti,
911 1323 1103 1416 recipimus
1110 1355 1186 1400 cum
1206 1356 1263 1418 gra

233 1424 352 1490 tiaram
380 1421 526 1495 actione,
561 1420 652 1484 unde
675 1421 715 1482 ab
743 1417 812 1494 iilo,
842 1418 910 1518 qui'
905 1418 1106 1482 omnium
1102 1423 1262 1486 bonorum

19 1529 22 1536 ⁴
136 1529 140 1532 ·
233 1524 285 1574 est
311 1508 500 1581 retributor,
528 1505 726 1570 mercedem.
752 1503 899 1587 recipias.
944 1507 1056 1576 Darae
1084 1506 1262 1572 Beneventi

120 1614 123 1621 ·
164 1599 167 1612 '
232 1593 362 1660 11.·1d
386 1577 601 1664 Decembris.

318 1677 423 1742 Rex
414 1693 524 1777 itaque
546 1697 589 1738 ex
610 1672 671 1749 his,
692 1693 778 1754 quae
800 1671 946 1757 episcopi
966 1645 1167 1753 dicebant,
1158 1697 1191 1740 m
1211 1693 1261 1742 sua

138 1771 140 1784 '
190 1793 197 1818 ι
232 1765 397 1846 sententia
424 1760 602 1824 animosior
630 1761 760 1833 factus,
778 1776 964 1824 constanter
984 1759 1133 1832 insistere
1156 1761 1260 1846 coepit,

232 1834 420 1917 'faventibus
448 1847 546 1910 simul
575 1853 608 1909 et
635 1843 840 1942 incitantibus
868 1865 947 1908 eum
974 1845 1138 1929 episcopis
1167 1847 1261 1930 regni

233 1953 299 2016 que
321 1932 520 2014 proceribus,
545 1945 705 2011 quatenus
728 1928 800 1994 sine
822 1931 1047 2006 retractatione
1069 1933 1133 1996 sibi
1150 1931 1261 1998 Ausci·

217 2037 311 2102 ,mus
328 2017 514 2080 hominium
536 2017 666 2088 faceret,
688 2029 721 2078 et
738 2033 806 2094 eos,
829 2015 948 2096 quibus
969 2037 1005 2080 se
1026 2017 1180 2080 daturum
1198 2037 1259 2099 pro·

232 2084 319 2166 tinus
355 2103 561 2202 episcopatus
595 2098 746 2178 dicebat,
780 2117 1042 2166 consecraturum
1080 2121 1094 2164 ι
1096 2101 1257 2184 ponderet,

219 2203 360 2252 ,servata
381 2188 415 2250 in
438 2185 590 2268 omnibus
613 2201 855 2285 antecessorum
877 2187 1130 2262 consuetudine.
1172 2185 1257 2252 Tunc

232 2272 300 2346 ilie,
323 2273 350 2340 si
371 2285 517 2348 suorum,
539 2261 628 2351 ιιιιιιι,
652 2267 772 2347 verbis,
795 2271 1025 2355 episcoporum
1045 2272 1172 2338 litterae
1192 2291 1258 2334 con

180 2425 182 2429 ,
230 2359 417 2434 sorderent,
444 2356 609 2422 intellecta
633 2355 772 2454 ratione,
794 2357 911 2422 forsan
932 2359 1025 2440 quod
1044 2357 1157 2440 exigit,
1186 2359 1257 2420 face·

137 2444 138 2452 ’
175 2511 179 2519 ,
229 2464 326 2522 ιειιι.Ι
355 2443 457 2507 Nunc
477 2457 598 2516 autem,
625 2445 670 2506 ne
694 2441 729 2504 in
750 2441 819 2504 ullo
842 2441 1000 2524 decipiar,
1021 2443 1159 2508 electius
1179 2441 1256 2506 vide·

227 2543 281 2594 tur
299 2531 488 2594 Romanum
509 2525 679 2610 superbis
700 2525 889 2626 pontificem
901 2528 1095 2628 cd'nsulere,
1118 2527 1257 2612 quamin
1318 2573 1319 2586 ι

222 2635 266 2682 ,ιι
294 2631 360 2679 tant
388 2612 540 2695 ambigua
573 2611 770 2675 sententiam
777 2611 1028 2712 praecipitare.
1083 2613 1146 2678 Ad
1172 2633 1256 2696 quae,

148 2757 150 2765 .
228 2701 287 2784 qui
308 2704 438 2762 Romae
460 2715 620 2762 venerant
640 2696 803 2780 episcopi,
831 2699 1061 2780 responderes
1082 2719 1169 2780 quae
1189 2697 1255 2762 dixi

228 2805 313 2861 mus,
336 2783 491 2857 dicimus,
505 2803 589 2872 quae
597 2783 716 2846 testati
737 2801 861 2870 sumus,
883 2783 1174 2888 confirmamus,.'
1165 2801 1254 2866 mque

155 2897 170 2942 ,ι
228 2867 279 2938 iris
308 2869 462 2932 omnibus
492 2857 800 2949 apostolicaesedis
834 2869 1090 2946 testimonium,
1116 2867 1252 2934 sinebit
1319 2885 1321 2904 ι

1317 2911 1321 2970 i

111 2965 112 2976 ¹
143 3006 147 3018 .
186 2983 188 2990 ·
227 2975 297 3022 non
326 2954 446 3028 credis,
481 2955 693 3036 appellamus.
739 2955 844 3050 Super
869 2955 952 3020 haec
978 2975 1117 3036 quoque
1144 2954 1199 3020 tibi
1217 2972 1253 3018 ιι
1300 2993 1321 3016 .=

178 3036 200 3066 ⁸
226 3057 319 3126 parte
340 3038 465 3120 domini
489 3059 608 3120 papae,
627 3038 687 3118 qui
708 3037 802 3100 hoc'
791 3038 901 3118 jussit,
930 3041 1168 3104 denunciamus
1188 3054 1252 3120 qua·
1320 3093 1321 3106 ,

157 3179 159 3188 ,
226 3144 324 3191 tenus
352 3108 489 3188 consilio
517 3138 629 3186 nostro
659 3137 690 3186 te
708 3123 800 3202 nihil
829 3122 991 3190 haesitans
1018 3127 1144 3203 credas,
1176 3123 1252 3206 quia,

112 3275 115 3282 Δ
226 3214 308 3274 dum
336 3211 449 3286 voles,
487 3229 549 3272 uos
577 3223 704 3290 paratos
738 3207 874 3278 habebis
894 3211 964 3294 reip
966 3231 1002 3272 sa
1027 3213 1185 3293 probare,
1207 3207 1251 3272 hir

228 3305 313 3378 quae
336 3295 483 3371 dicimus,
504 3293 585 3366 nihii
607 3292 830 3376 duplicitatis
822 3313 941 3362 messe.
943 3233 1041 3360 At
1055 3294 1128 3360 ide
1150 3293 1251 3358 adver·
1318 3299 1321 3354 ι

227 3401 281 3444 sus
312 3402 360 3456 ea,
394 3401 479 3461 quae
515 3377 663 3452 asseritis,
695 3379 767 3442 lites
796 3399 970 3446 conserere
993 3367 1086 3446 nolo.
1107 3383 1249 3446 Verum
1320 3449 1321 3460 χ

227 3467 307 3554 quia
328 3466 434 3528 sentio
458 3487 499 3528 ex
519 3464 598 3540 iilis,
631 3484 716 3545 quae
737 3463 852 3528 auditu
880 3467 1036 3532 secretius
1059 3465 1171 3541 didici,
1201 3482 1249 3526 vo·

225 3549 385 3618 luntatem
407 3567 579 3633 procerum
600 3548 635 3612 in
656 3549 721 3612 hoc
741 3569 842 3614 unam
869 3551 985 3614 factam
1008 3571 1099 3630 esse,
1129 3548 1248 3621 scilicet,

161 3713 168 3720 ,
226 3654 263 3700 ut
285 3637 318 3699 ιι
344 3657 404 3700 sex
429 3634 634 3700 investituras
662 3633 890 3712 ecclesiarum,
920 3637 1006 3704 sicut
1034 3655 1071 3702 se
1098 3637 1248 3700 facturum

225 3721 384 3795 minatur,
405 3720 547 3795 dederit,
567 3719 644 3782 iicet
662 3717 697 3780 id
719 3739 773 3784 me
792 3739 858 3784 nec
878 3725 1083 3812 approbante
1103 3742 1164 3786 uec
1184 3739 1249 3783 con

138 3811 140 3816 ’
225 3807 389 3872 sentiente
414 3805 573 3880 faciente
554 3825 618 3887 ego
641 3821 742 3871 nausa
760 3807 879 3906 vestri,
906 3828 970 3870 nec
991 3807 1081 3872 danti
1100 3827 1162 3872 nec
1181 3801 1248 3871 acci«

226 3892 346 3974 pienti,
391 3911 499 3954 meam
536 3889 628 3970 quasi
662 3891 954 3960 excommunicatis
988 3890 1247 3962 communionem

148 4065 149 4068 Ἴ
225 3978 430 4055 subtraham,
457 3978 568 4098 donec
588 3975 721 4062 nuntiis,
747 3996 837 4060 quos
855 3997 918 4070 pro
937 3975 1064 4064 negotii
1078 3977 1186 4073 buius
1195 3971 1246 4036 di*
1319 3993 1321 4076 ᾗ

1108 4057 1246 4127 ιιιιιιοιιι
