2628 4748
137 583 140 608 ¹
212 603 293 660 *seu
319 577 489 670 'prurigine
520 599 607 650 caret
638 549 811 668 cujuslibet
842 581 1029 668 levissimis!
1062 585 1276 685 apostematis

227 683 348 738 tactus·
369 674 472 736 unde·
468 687 547 734 ¹tam
570 675 612 738 de
634 672 801 754 praesule,
823 689 923 770 quam
935 671 1141 750 quibusdam
1164 691 1277 752 proce

90 763 119 842 ᾗ
184 813 197 828 ,
227 757 320 820 sibus
342 771 449 822 terrae
477 759 655 824 Gracoviae
677 769 757 818 natu
774 753 956 854 majoribus
977 755 1089 817 ulcisci
1109 758 1277 858 concepit.

229 841 412 942 Epsscupp·
427 843 562 924 quidem
590 840 833 942 proscriptionis
862 839 990 902 occulta
1010 837 1193 904 meditatur
1215 843 1278 905 eai-

228 925 330 1001 lium3
351 927 419 990 aliis
442 950 523 992 vero
523 929 713 1028 capitum
710 924 923 988 mutilationis
943 926 1168 1025 dispendium
1212 929 1277 989 Sed

227 1029 407 1095 conceptus
429 1013 592 1096 principis,
610 1011 783 1076 antistitem
800 1031 869 1072 non
886 1009 987 1086 latuit,
999 1011 1057 1090 qui
1072 1005 1276 1077 industriose

227 1097 315 1160 illius
342 1099 604 1162 machinamenta
634 1097 775 1161 declinat
803 1113 836 1160 et
870 1097 953 1158 alios
985 1092 1132 1160 devitare
1163 1099 1275 1166 docet.

230 1184 388 1251 Proceres
421 1185 518 1282 igitur
550 1181 740 1268 provinciae
765 1173 1035 1252 (lusoviensis
1022 1203 1100 1244 cum
1130 1181 1167 1246 C
1168 1183 1275 1258 ethis,

228 1289 346 1331 eorum
364 1269 513 1369 antistite,
535 1285 659 1349 secreta
680 1283 793 1332 secum
811 1265 1045 1330 deliberatione
1064 1283 1277 1348 pertractant.

225 1355 383 1435 Tmpe,
374 1355 489 1434 nquit,
511 1371 561 1418 est
581 1353 817 1453 ingenuitatem
835 1353 1007 1452 ancillari,
1010 1367 1044 1415 et
1061 1354 1276 1451 importabile

136 1453 139 1461 ’
227 1455 277 1502 tot
302 1439 538 1502 calamitatibus
559 1440 684 1522 premi.
733 1439 828 1500 inter
860 1457 943 1517 quos
974 1436 1025 1499 vir
1057 1438 1243 1518 quidam'
1234 1461 1275 1500 ιιι

226 1525 328 1604 signis
357 1523 408 1586 sui
433 1523 561 1586 comilii
578 1543 745 1608 responsa
772 1523 959 1620 proferena,
984 1543 1060 1584 non
1083 1543 1148 1585 vos
1171 1525 1275 1588 latere

173 1630 181 1641 ³
226 1609 377 1684 arbitror,
399 1628 484 1710 quae
506 1625 540 1673 et
561 1625 683 1690 quanta
703 1607 858 1670 Kazimiri
881 1608 971 1670 ducis
993 1609 1274 1672 Sandomiriensis

227 1709 278 1756 est
308 1696 396 1758 fama
427 1695 601 1768 virtutum,
633 1696 727 1776 cnjus
760 1693 974 1756 odoramenta
1005 1685 1090 1761 licet
1113 1696 1273 1758 omnibus

225 1779 290 1841 sint
306 1759 495 1855 notissima,
517 1780 640 1842 cunctis
662 1793 771 1842 tamen
787 1777 959 1876 'incognita
980 1777 1160 1850 habentur
1207 1782 1272 1842 Sub

224 1863 353 1962 hujus
345 1883 455 1944 rtaque
477 1826 592 1927 timbra
610 1885 721 1928 auram
739 1862 856 1961 quietis
873 1879 934 1925 nos
950 1879 1081 1944 captare
1098 1866 1272 1942 convenit,

198 1959 200 1966 ’
226 1963 260 2012 ιι
288 1951 359 2030 ejus
389 1951 508 2011 salubri
536 1951 630 2025 oleo,
658 1949 759 2012 nostri
788 1961 897 2009 tumor
924 1948 1046 2011 doloris
1074 1950 1202 2015 leniter
1227 1953 1272 2012 fo·

223 2051 388 2105 mentatns
418 2037 629 2097 detumescat.
682 2033 796 2114 Hujus
823 2050 969 2132 namque
998 2034 1271 2130 persuasionibus

116 2159 118 2162 >
223 2133 290 2181 tem
312 2121 453 2204 praesul,
474 2129 575 2198 quam
597 2137 760 2210 proceres,
781 2134 852 2178 uno
876 2122 984 2178 animo
1007 2117 1154 2184 inclinati
1178 2120 1271 2182 Kazi

222 2203 344 2266 mirum
367 2217 460 2268 caute
484 2206 615 2279 adeunt,
638 2217 735 2266 orant
752 2215 786 2266 et
805 2198 1003 2276 sollicitant,¹
1012 2220 1058 2277 ut,
1081 2205 1109 2265 si
1132 2195 1271 2269 culmen

109 2297 112 2304 '
143 2294 167 2347 .“
223 2289 304 2369 regii
326 2289 488 2373 dignitatis
517 2311 587 2352 non
617 2288 744 2360 ambiit,
777 2307 841 2350 nec
863 2309 1000 2390 regnare
1022 2289 1165 2371 appetit,
1200 2311 1272 2372 sup

221 2375 399 2457 'plicationi
406 2395 523 2438 eorum
542 2391 650 2438 tamen
672 2372 822 2470 benigne
840 2380 1009 2472 annuens,
1022 2373 1177 2438 misereri
1200 2397 1269 2439 non

144 2491 152 2510 x
221 2460 435 2542 contempnit.
457 2461 517 2524 Ad
538 2481 622 2540 quos
643 2459 709 2534 ille,
731 2454 897 2556 ,,ιιιιὶιιιιι,
919 2458 1034 2540 inquit,
1056 2473 1089 2523 et
1101 2461 1268 2542 antiquata

221 2565 326 2626 penes
354 2565 415 2607 vos
444 2561 493 2609 est
521 2545 620 2626 hujus
646 2541 866 2625 temptationis
896 2544 1076 2627 indagatio
1112 2563 1265 2610 nectam

220 2631 329 2703 subito
352 2653 369 2692 a
391 2647 499 2692 vestra
521 2643 647 2712 poterat
669 2629 769 2694 evelli
799 2630 983 2704 memoria,
998 2629 1138 2710 qualiter
1171 2631 1264 2730 primi
1312 2689 1313 2694 ,

151 2716 157 2730 “
218 2715 403 2796 principum
421 2717 501 2778 Jaxa
520 2715 674 2799 videlicet
701 2729 734 2778 et
750 2713 998 2789 Suanthoslaus,
1022 2731 1055 2778 et
1076 2719 1192 2778 cuncti
1215 2715 1313 2818 pap

218 2819 264 2865 ne
287 2819 455 2883 proceres,
479 2816 534 2864 me
556 2801 633 2862 licet
660 2799 820 2867 nitentem
852 2801 892 2861 ad
920 2799 1009 2886 idem
1009 2821 1175 2900 regnum
1200 2821 1262 2884 pet·
1312 2747 1313 2871 i

192 2883 195 2902 '
221 2886 403 2960 trahebant,
431 2901 468 2947 ut
496 2887 686 2967 propulsato
714 2883 939 2948 strenuissimo
963 2875 1162 2966 principe,
1160 2887 1261 2950 fratre

218 2991 307 3045 meo,
330 2973 414 3033 duce
436 2971 590 3033 Boleslao
608 2970 753 3033 securius
769 2969 992 3068 imperassem.
1015 2971 1079 3033 Sed
1100 2971 1261 3036 fraternae

217 3055 347 3138 pietatis
370 3057 559 3152 amplexum
581 3077 657 3116 cum
679 3055 819 3136 imperio
841 3057 984 3138 perferre
1001 3053 1112 3129 malui,
1136 3059 1262 3136 etquis

217 3157 295 3202 tunc
317 3161 399 3222 pure
422 3139 630 3203 innocentiae
653 3141 761 3202 studio
784 3141 849 3202 lavi
874 3142 975 3221 pedes
999 3159 1102 3216 meos,
1126 3161 1261 3252 quomo·
1311 3207 1312 3216 χ

216 3228 262 3286 do
290 3247 380 3289 nunc
408 3225 442 3287 in
470 3227 612 3288 fraterno
642 3225 802 3308 sanguine
824 3224 1043 3306 inquinabor?
1095 3227 1129 3289 Ο
1163 3247 1260 3326 quam

217 3310 425 3374 detestabiles
447 3311 488 3374 ad
510 3307 757 3392 principatumr
747 3309 794 3372 illi
816 3311 950 3409 gradus,
978 3325 1038 3391 per
1059 3331 1145 3391 quos
1170 3315 1207 3374 in
1226 3331 1260 3375 se
1311 3321 1312 3395 ι

217 3394 492 3468 homicidium,'
483 3415 517 3458 tn
539 3395 635 3458 fratre
650 3395 916 3494 fratricidium,
907 3417 941 3456 ιιι
970 3393 1151 3459 fratricidio
1171 3399 1260 3480 patri·

128 3483 146 3538 '.
218 3481 292 3542 cidii
315 3495 523 3562 praesumpta
545 3479 708 3544 temeritas
732 3480 889 3542 consistit.
924 3482 1003 3570 Quo
1023 3501 1171 3562 namque
1197 3488 1259 3544 ιιιο-

216 3569 278 3639 do,
310 3585 377 3644 quo
405 3583 500 3645 pacto
528 3564 563 3628 in
592 3565 663 3646 ejus
692 3566 927 3642 exterminium
960 3567 1171 3650 confugiam,
1206 3567 1257 3648 qui

215 3673 271 3714 me
293 3651 366 3731 plus
389 3669 490 3735 quam
513 3663 646 3732 patema
669 3651 749 3713 favit
771 3653 907 3734 pietate:
940 3667 1040 3730 quem
1064 3653 1164 3716 etiam
1188 3656 1257 3735 plus

216 3757 338 3818 quam
335 3735 433 3797 filiali
462 3757 594 3818 semper
621 3735 797 3800 dilectione
827 3734 914 3796 colui
942 3751 975 3799 et
1006 3739 1159 3801 venerari
1191 3759 1255 3800 non

185 3853 187 3860 ·
216 3821 332 3885 desivi.
377 3821 596 3920 Periniquum
634 3821 769 3919 quippe,
791 3837 824 3884 et
824 3821 1001 3915 exemplo
1023 3823 1253 3922 ρειιιιιιοιίιιι
1310 3817 1311 3892 ἶ

144 3923 148 3934 ’
215 3927 308 3970 mum
324 3925 458 3989 prorsus
474 3921 532 3978 est,
551 3927 670 3985 tmqms
688 3924 888 3986 quemquam
904 3927 1104 3988 prosperan
1101 3929 1252 3972 commer
1310 3909 1311 3919 ’

119 4071 140 4096 ,
215 3992 284 4060 ciis
288 3999 365 4044 “s-
387 3992 453 4058 Sed
474 3990 520 4054 illi
536 3991 659 4075 plane
644 3991 816 4074 inquiunt,
841 3992 1250 4078 „princepsserenissime

206 4113 209 4119 .
1191 4101 1250 4165 p„

223 4193 339 4243 ,··
1309 4171 1310 4278 i
