2664 4754
864 377 954 437 ‘A'
1027 363 1193 508 'tl-67,

425 497 431 526 l
526 517 530 524 .

87 568 226 666 lectus,
266 605 304 654 et
333 557 540 672 hominibus
539 542 730 694 gratiosus,
773 595 847 677 post
884 607 932 660 tot
965 593 1142 670 laudabilia
1324 641 1328 654 .

87 676 182 738 fidei
211 693 243 740 et
272 677 429 740 charitatis
456 701 575 768 opera,
618 683 692 760 post
722 693 771 764 ιρι
796 679 977 742 laboriosos
1006 701 1144 763 agones,
1220 731 1221 734 ,
1330 682 1331 686 ’

27 781 187 840 quos
222 781 280 844 pro
316 763 381 827 lide
419 779 451 826 et
486 757 643 852 eeclesiae
681 763 887 828 dilatatione
897 764 1058 841 fideliter,
1102 787 1139 831 ao
1177 801 1179 806 ·

25 852 32 857 ’
83 847 286 922 ferventer,
329 862 362 912 et
389 847 603 912 indefesso
585 849 695 917 animo
724 849 902 925 toleravit,
940 849 1154 940 disponente·

85 933 255 1028 domino,
291 932 351 1012 qni
367 933 525 1000 labores'
517 935 617 1014 rpsius
633 933 747 1006 voluit
772 935 910 1002 leliciter
931 955 1140 1032 consumarQ

84 1031 152 1081 et
150 1017 234 1097 ipsi
255 1019 420 1082 bonorum
446 1021 594 1085 laborum
624 1036 759 1085 suorum
785 1021 931 1090 fructum
955 1019 1136 1088 retribuere
1181 1037 1182 1044 ’

82 1101 301 1186 gloriosum,
353 1090 467 1166 febre
489 1105 646 1166 continua
689 1105 869 1184 infirmatus
910 1105 1001 1172 lecto
1039 1091 1157 1172 med*

83 1187 186 1260 buit,
230 1202 262 1248 et
292 1181 525 1265 invalescente
548 1191 676 1263 morbo,
697 1189 838 1254 omnia,
853 1189 1067 1254 ecclesiastica
1089 1210 1137 1254 sa
1246 1239 1256 1272 ι

82 1263 263 1334 eramenta
290 1258 551 1336 christianissime
578 1291 612 1336 et
640 1273 852 1341 devotissime
865 1273 1022 1371 suscepit
1055 1295 1157 1359 sana·
1194 1335 1195 1340 ,
1246 1289 1248 1295 ’

82 1369 211 1441 mente
241 1369 275 1418 et
301 1355 426 1438 integro
456 1355 634 1424 intellectu.
686 1361 739 1423 Ita
766 1361 866 1440 quod,
895 1379 971 1420 cum
997 1357 1059 1439 ipsi
1087 1351 1134 1426 sa·

83 1453 301 1503 crumentum
335 1459 499 1508 extremae
536 1443 699 1504 unctionis
734 1443 981 1515 exhiberemus,
1023 1453 1076 1504 et
1071 1439 1132 1504 di·
1176 1461 1178 1475 ·

18 1539 249 1587 ·=cerentur
276 1540 402 1606 septem
438 1527 580 1626 psalmi
588 1549 664 1590 cum
700 1526 827 1600 litania,
876 1525 946 1607 ipse
982 1524 1019 1590 ιιι
1051 1527 1132 1611 psal-

83 1608 157 1670 mis
193 1629 309 1698 versus
345 1610 472 1676 dicebat
505 1627 538 1676 et
571 1611 605 1674 in
637 1613 764 1674 litania
770 1621 915 1686 ,sanctos
942 1608 1132 1704 dominans,
1157 1653 1181 1694 ¹.
1229 1626 1231 1641 ι

22 1718 27 1728 ‘
85 1705 214 1755 eorum
242 1696 393 1794 suffragio
421 1697 631 1760 devotissime
659 1697 845 1758 invocabat..
907 1697 990 1758 Cum
1019 1692 1131 1763 autem
1179 1697 1209 1768 J
1285 1713 1287 1732 ¹

80 1779 173 1857 jam
190 1780 289 1862 siguis
319 1781 528 1844 evidentibus
553 1781 825 1880 appropinquaret
850 1781 895 1843 od
922 1780 1042 1854 linem,
1085 1780 1146 1845 de

39 1864 188 1940 jnullo
229 1881 297 1932 erat
336 1866 506 1940 sollicitus,
553 1867 616 1927 nisi
655 1866 741 1929 de
733 1865 782 1942 tis,
821 1886 928 1944 quae
943 1865 988 1926 ad
1019 1863 1131 1928 solum
1166 1877 1210 1948 ‘j

83 1949 211 2011 Deum
237 1966 271 2014 et
298 1949 530 2020 exaltationem
560 1951 638 2048 fidei
673 1951 862 2018 christianae
898 1947 1029 2047 proprie
1057 1951 1130 2034 ιιειι

84 2033 260 2109 tinebant,
308 2036 352 2097 ita
364 2021 496 2116 ‘squod
521 2058 596 2098 oum
620 2035 691 2126 jam
716 2041 786 2098 non
807 2033 875 2100 nisi
905 2023 1066 2100 submisse
1094 2049 1131 2104 et,

83 2138 173 2179 cum
200 2121 396 2222 gravamine
416 2121 507 2224 loqui
534 2133 660 2206 posset,
703 2121 798 2183 nobis
835 2119 1050 2194 adstantibus,
1092 2133 1157 2209 et,

85 2205 134 2264 ad
165 2197 267 2267 verba
295 2206 371 2287 ejus
395 2225 508 2268 aurem
536 2205 786 2280 adhibentibus,
814 2204 864 2269 vir
890 2207 972 2268 Deo
997 2206 1132 2286 plenus,
1168 2203 1169 2206 ’

46 2299 51 2306 ’
85 2302 124 2350 et
171 2309 268 2359 vere
294 2229 483 2362 citholicus
513 2292 672 2354 dicebat
702 2311 783 2372 „pro
816 2293 897 2356 Deo
927 2282 1133 2374 studeamus,

85 2375 266 2452 quomodo
294 2375 376 2442 fides
403 2373 560 2436 catholica
586 2374 687 2458 possit
714 2375 810 2455 apud
828 2351 1019 2440 Tunicirim
1039 2391 1128 2470 prae·
1180 2407 1184 2422 ·

86 2457 194 2520 dicari
219 2476 253 2522 et
281 2459 426 2543 plantari.
482 2461 526 2533 Ο,
553 2463 627 2540 quis
657 2475 742 2524 esset
769 2458 957 2533 idoneus,
961 2473 999 2525 ιιι
1025 2458 1128 2520 mitte
1186 2453 1198 2466 '

85 2563 184 2606 retur
214 2543 260 2606 ibi
293 2547 340 2608 ad
374 2505 647 2626 praediodndum!
657 2575 672 2601 ιι
723 2541 766 2610 Et
804 2544 995 2640 nominabat
1027 2545 1138 2640 quep'.
1210 2583 1219 2594 -

87 2627 177 2690 dam
204 2631 340 2694 fratrem
375 2629 496 2691 ordinis
528 2617 806 2710 praedicatorum,
848 2627 912 2710 qui
945 2619 1020 2690 alias
1060 2624 1129 2688 illio

87 2704 215 2791 iverat,
257 2730 291 2777 et
328 2701 397 2796 regi
433 2713 567 2794 Tunioii
603 2729 700 2783 notus
739 2730 816 2778 erat
858 2715 963 2787 Ecce,
992 2711 1134 2792 qualiter
1211 2725 1214 2735 ¹
1289 2686 1312 2736 'i

11 2797 14 2802 ’
88 2820 195 2862 verus
223 2799 292 2866 Dei
319 2803 437 2874 ιιιιιοι,
474 2813 509 2862 et
541 2799 620 2864 fidei
649 2799 841 2864 christianae
870 2813 1020 2862 constans
1047 2797 1131 2860 zela·

62 2899 146 2946 .tor
169 2888 308 2948 beatam
339 2885 440 2976 vitam
474 2903 569 2948 suam
600 2887 636 2946 in
668 2883 876 2953 confessione
909 2903 1009 2947 verae
1050 2879 1143 2948 fidei.
1223 2913 1224 2918 ι

90 2968 347 3062 consummavit.
411 2971 494 3052 ῼιιιιι
529 2983 642 3033 autem
676 2969 777 3048 virtus
810 2966 953 3048 corporis
985 2968 1061 3048 ejus.
1090 2979 1133 3030 at·
1195 3037 1199 3042 ,

91 3075 162 3135 que
201 3053 360 3118 sermonis
398 3053 554 3136 paulatim
594 3055 761 3130 deficeret,
804 3075 873 3116 non
913 3057 1058 3120 cessabat
1090 3068 1148 3116 ta·
1223 3135 1226 3139 Ι

74 3159 175 3220 Ιιιιιιιι
204 3159 390 3216 sanctorum
420 3139 478 3202 sibi
507 3141 723 3212 devotorum,
766 3137 848 3202 sicut
883 3136 978 3203 eniti
995 3140 1133 3230 loquen

92 3227 139 3286 do
162 3239 303 3307 poterat,
348 3223 498 3306 suffragia
521 3225 726 3322 postularet.
744 3222 886 3287 maxime
916 3237 1025 3289 autem
1048 3213 1135 3284 beiti
1211 3228 1213 3236 '

59 3308 269 3392 ,Ἰ)ῑοιιιιὶι,
295 3310 444 3393 specialis
472 3309 598 3389 patroni
634 3307 733 3390 regni
759 3308 820 3370 sui.
869 3302 1002 3370 Unde'
994 3329 1028 3371 m
1051 3320 1135 3370 statu
1210 3356 1217 3386 ι

92 3394 164 3473 illo,
202 3417 280 3466 curn
314 3397 488 3476 quondam
517 3413 647 3456 susurro
682 3393 793 3494 ipsum
828 3390 949 3474 pluries
975 3391 1143 3474 replican-

93 3479 163 3544 tem
194 3479 383 3546 audivimus
412 3480 513 3544 finem
542 3475 628 3544 illius
651 3477 824 3552 orationis,
868 3497 953 3557 quae
976 3478 1026 3557 de
1040 3477 1137 3540 beato
1199 3487 1228 3554 J

94 3561 273 3646 Dionysio
293 3565 434 3640 canitur,
468 3563 605 3630 sciliceta
635 3565 770 3643 „tribue
791 3561 897 3638 nobis,
919 3579 1150 3642 quaesumus,

93 3649 263 3724 Domine,
306 3671 462 3750 prospera
493 3647 609 3724 mundi
644 3669 728 3746 pro
734 3641 844 3714 imore
873 3655 931 3712 tuo
959 3639 1168 3730 despicere,

97 3749 132 3798 et
165 3739 263 3798 nulla
302 3739 373 3818 ejus
412 3737 549 3810 adversa
587 3717 793 3798 formidare«
827 3734 903 3796 Et
920 3734 1004 3797 haec
1038 3735 1142 3795 verba

98 3819 269 3885 multoties
300 3822 445 3897 iterabat.
510 3817 665 3884 Similiter
692 3803 887 3902 principium
916 3817 1070 3882 orationis
1099 3817 1143 3886 de

104 3922 219 3970 sancto
245 3908 371 3987 Jacobo
402 3906 566 3992 apostolo:
611 3922 740 3986 „esto,
751 3906 914 3998 Domine,
935 3904 1082 3990 plebis
1068 3917 1144 3965 mae
1202 3937 1206 3982 3

619 3993 785 4076 Ggs
983 3965 1181 4093 =3sai1cd
1233 4044 1239 4058 .
