2664 4754
998 363 1084 450 ἰιι-ἰ
1099 411 1102 426 ι

46 495 106 614 At
116 549 260 614 bmoues
278 533 463 612 desiderato
480 542 650 612 exhilarati
670 545 798 639 nuntio,
819 561 919 622 castra
941 525 1117 634 protinust
1171 595 1173 598 -
1201 547 1205 549 ’
1294 602 1296 624 ι

45 649 224 698 moventes
253 635 294 713 ad
324 633 442 708 ιιΙιιιιι
473 651 577 717 usque
607 631 782 698 venerunt.
815 637 962 699 Deinde
989 655 1088 706 noete
1130 669 1161 734 ‘
1295 639 1296 646 ’

48 735 113 784 tota
142 719 206 782 iter
232 733 384 816 agentes,
413 738 543 778 summo
563 707 711 780 diluculo
738 722 778 780 ιιι
801 722 964 784 civitatem
988 741 1089 793 vene·

46 817 132 876 runt,
156 819 254 882 atque
275 804 391 884 januas
414 803 502 864 urbis
526 802 728 882 reperientes
751 824 891 888 apertas,
925 827 1017 868 nono
1041 827 1089 868 ca
1167 852 1170 858 .

46 890 136 952 lenti.
165 887 273 988 Junii,
304 889 468 968 dominica
496 886 651 950 videlicet
681 905 757 958 aute
786 892 1013 956 ascensionem
1035 893 1090 952 do
1151 901 1172 968 Ἀ

48 974 127 1036 ιιιιιιι
162 973 328 1071 proxima,
366 961 643 1048 Lundoniensem
676 975 838 1046 civitatem
872 977 945 1040 sine
979 978 1097 1056 ιιιιιιιιο
1177 983 1179 986 ’

50 1057 223 1122 tumultu
215 1058 428 1121 intraverunt.
471 1059 642 1120 Favebant
663 1060 753 1122 enim
775 1062 950 1134 baronibus
973 1062 1090 1136 divites

51 1143 198 1239 civitatis,
220 1139 253 1208 et
275 1143 351 1208 ideo
376 1157 536 1224 pauperes
560 1143 696 1223 obloqui
719 1149 918 1210 metuebant.
955 1139 1012 1209 Αι
1042 1149 1090 1208 ba
1110 1206 1113 1213 ,

50 1248 144 1294 sones
169 1228 336 1294 civitatem
359 1227 495 1310 ingressi
511 1247 572 1309 per
587 1244 714 1308 portatu
734 1232 775 1293 de
793 1229 947 1314 Alega,j
951 1231 1091 1306 anitores
1129 1295 1132 1302 ,

52 1335 126 1376 suos
156 1314 199 1374 ad
228 1313 370 1396 singulas
399 1313 486 1374 urbis
488 1328 622 1394 portas
644 1317 834 1391 statuerunt,
870 1317 982 1379 omnia
1003 1314 1092 1396 deiri
1109 1307 1115 1319 “

53 1419 136 1479 ceps
154 1398 194 1460 in
222 1419 261 1462 ea
289 1420 348 1479 pro
377 1397 480 1459 ιιιιιιιιι
511 1417 571 1460 suo
594 1396 817 1498 disponentes.
859 1397 903 1464 Et
925 1423 942 1464 a
966 1401 1091 1463 civibus
1126 1394 1141 1422 '¹

51 1485 114 1565 jam
139 1482 243 1556 dictis,
261 1499 397 1564 accepta
418 1482 604 1558 securitate,
626 1483 784 1548 miseruut
803 1485 915 1553 literas
932 1489 980 1556 ad
996 1485 1093 1560 comi·

50 1585 110 1644 ιιι,
133 1570 294 1643 barones,
325 1584 375 1632 et
381 1567 498 1640 milites
520 1568 609 1642 illos,
644 1569 701 1648 qui
724 1571 830 1632 adhuc
852 1593 926 1652 per
923 1570 1092 1652 ‘Angllam

48 1651 139 1739 regi,
156 1654 236 1716 licet
256 1655 342 1754 licta,
371 1653 552 1716 adhaerere
570 1653 795 1732 videbantur-5
805 1655 1013 1718 exhortantes
1034 1675 1105 1733 eos,
1167 1667 1175 1688 *
1211 1715 1213 1728 ,

56 1760 128 1800 cum
146 1739 415 1813 comminatione,
438 1754 482 1812 ut,
500 1741 582 1800 sicut
602 1738 751 1806 omniurn
774 1757 884 1803 rerum
905 1761 1036 1803 suarum
1060 1746 1134 1804 et

55 1827 301 1905 possessionum
331 1785 581 1906 indemnitatem
612 1823 807 1906 diligebant
846 1845 960 1914 regem
990 1825 1155 1906 ρειιιι.ι

49 1929 125 1970 aum
145 1911 348 1984 deserentes,
372 1926 404 1972 et
422 1893 481 1980 sibi
499 1908 639 1972 fideliter
654 1893 881 1984 adhaerentes,
904 1909 1000 1974 simul
1017 1929 1122 1974 cum

58 1993 100 2058 eis
122 2015 188 2080 pro
205 1995 405 2058 libertatibus
426 2008 459 2056 et
481 2015 572 2074 pace
582 1995 676 2076 regni
696 1995 882 2078 immobiles
904 2009 1039 2070 starent,
1061 1977 1136 2060 et‘

59 2067 229 2144 'efficaciter
257 2084 469 2144 decertarent.
506 2079 615 2226 §puori
645 2079 670 2140 si
701 2079 764 2142 hoc
786 2069 900 2142 favere
928 2099 1095 2166 contemp

60 2165 186 2238 sissent,
224 2165 285 2246 ipsi
307 2161 342 2226 in
364 2183 480 2227 omnes
504 2165 526 2228 ιι
542 2184 595 2236 us,
631 2166 723 2243 quasi
745 2165 779 2228 ιιι
801 2165 911 2228 hostes
927 2149 1094 2250 publicos,

61 2271 142 2312 arma
165 2249 342 2333 dirigerent
364 2265 397 2314 et
418 2249 549 2323 vexilla,
572 2263 739 2328 castraque
758 2271 873 2310 eorum
892 2255 1094 2325 subvertere,
1148 2263 1151 2268 ’

63 2335 172 2397 domos
192 2352 229 2398 et
243 2335 390 2399 aedificia
408 2339 623 2408 cotrtburere,
634 2334 767 2407 vivaria,
789 2355 909 2415 parcas,
934 2352 967 2397 et
985 2356 1095 2415 ponte
1164 2345 1166 2354 ⁴

63 2417 102 2482 ria
122 2423 290 2484 destruere
313 2403 381 2484 tion
405 2421 603 2486 onittereut.
646 2421 697 2480 Hi
721 2419 847 2493 ornnes,
869 2441 943 2481 cum
968 2421 1096 2480 manda
1180 2485 1182 2492 ι

66 2519 126 2568 tum
153 2509 316 2568 baronum
346 2498 561 2586 accepissent,
599 2505 756 2566 maxima
766 2525 838 2585 pars
866 2525 983 2568 eorum
1010 2501 1096 2564 Lun

65 2590 171 2652 donias
188 2589 357 2672 profecti,
393 2589 634 2654 confoederati
645 2605 720 2650 sunt
753 2590 956 2671 magnalibus
990 2602 1097 2672 supra

65 2675 166 2750 dictis,
192 2697 313 2760 regem
342 2678 473 2758 penitus
502 2676 736 2754 relinquentes.
785 2677 1005 2773 Temporibus
1035 2675 1095 2736 sub
1166 2705 1169 2718 ⁴

66 2759 194 2836 eisdem,
216 2783 277 2826 rex
296 2763 461 2826 occulutm'
485 2760 598 2822 odium
622 2779 735 2832 uersus
758 2763 906 2834 barones,
929 2760 1011 2823 lucie
1015 2761 1097 2840 pal.

66 2844 140 2909 lians
163 2827 223 2908 sub
248 2858 363 2913 serena
386 2864 418 2910 et
441 2843 572 2908 ultionis
595 2845 792 2926 excogitans,
814 2845 890 2908 secit
913 2845 1096 2943 adulterari,
1166 2853 1180 2874 ‘

67 2927 96 2990 id
122 2934 170 2994 esi
199 2934 374 3015 vulgariter
402 2933 639 3005 contrafacere,
672 2931 783 2998 omnia
805 2931 905 3012 sigilla
930 2931 1099 3014 episcopo
1117 2963 1121 2977 ι

66 3030 160 3089 rum,
166 3029 199 3080 et
221 3019 344 3119 scripsit
365 3017 437 3080 vice
461 3037 576 3078 eorum
580 3013 752 3114 omnibus
775 3017 988 3107 nationibus,
1008 3015 1099 3095 quod
1135 3041 1138 3046 ·
1189 3059 1196 3070 .

67 3097 195 3182 Anglici
223 3111 339 3166 ornnes
368 3119 459 3184 erant
485 3115 668 3183 apostatae,
698 3100 754 3162 toti
784 3103 909 3162 mundo
932 3089 1100 3166 detestabi

67 3181 120 3248 les.
164 3187 205 3250 Et
228 3183 416 3270 quicunque
439 3189 541 3262 vellet
562 3205 620 3250 eos
643 3177 734 3266 quasi
758 3200 915 3266 apostatas
937 3185 1100 3270 bostiliter

68 3263 237 3350 impetere,
266 3294 324 3338 rex
347 3293 475 3347 eorum,
505 3285 538 3334 et
560 3291 665 3354 papae
689 3290 824 3334 assensu
847 3287 878 3332 et
900 3271 1108 3346 auctoritate,
1173 3283 1182 3354 st
1240 3265 1244 3284 ¹

70 3356 224 3424 conferret
264 3361 336 3424 eis
332 3375 450 3423 terras
479 3373 526 3420 et
564 3375 681 3442 omnes
714 3375 829 3422 eotum
849 3349 1105 3441 possessiones.
1201 3416 1203 3431 ,

70 3437 164 3536 Quod
188 3463 261 3504 curn
286 3447 459 3506 audissent
474 3457 604 3507 exterae
621 3437 784 3520 nationes,
799 3441 979 3504 noluerunt
996 3426 1105 3504 fidem
1193 3461 1197 3478 ’

70 3523 179 3588 talibus
202 3528 371 3594 adhiberet
395 3529 471 3610 quia
493 3529 667 3600 constabat,
689 3526 824 3608 Anglos
844 3525 994 3587 omnium
1018 3527 1100 3600 oltri-¹

69 3605 241 3674 stianorum
271 3634 343 3678 esse
373 3611 662 3713 praeclarissimum
693 3627 725 3674 et
754 3626 920 3692 comperta
948 3613 1097 3686 veritate,
1156 3666 1164 3674 .

31 3719 33 3726 ·
71 3693 141 3756 talia
160 3695 303 3761 facinora
326 3715 359 3763 et
381 3716 571 3765 commenta
588 3699 840 3769 detestabantur,
863 3713 896 3758 et
917 3695 962 3758 sic
982 3695 1101 3759 cecidit
1167 3721 1170 3730 ¹

32 3807 35 3864 j
71 3791 124 3840 tex
143 3781 178 3854 ιιι
199 3783 348 3863 laqueos,
373 3803 455 3865 quos
479 3783 626 3846 tetendit.
647 3783 788 3844 -Rex
808 3797 921 3844 autem
941 3783 1103 3855 loannes,

73 3878 154 3928 clun·
152 3885 219 3930 se
214 3869 289 3958 dere
311 3873 350 3932 ab
372 3871 526 3934 omnibus
547 3879 703 3932 cerneret
719 3865 952 3941 derelictum,'
943 3881 987 3929 tta
1009 3865 1102 3964 quod
1152 3893 1165 3910 ι

72 3944 123 4010 vir
152 3949 235 4016 tibi
243 3971 372 4089 septem
404 3953 532 4042 equites
569 3969 613 4016 ex
645 3951 738 4014 όιιιιιι
768 3951 980 4020 multitudine
1012 3949 1103 4034 regia
1136 3986 1140 3989 -

988 4039 1131 4124 ¹super
