2682 4756
659 361 666 392 l

958 379 1105 550 ‚irs
1193 506 1196 520 ,

61 615 98 668 et
118 600 276 674 iohanne
295 599 453 685 Caesario
476 593 671 668 cumPetro
687 603 815 678 Leone
827 601 1013 704 celerisque
1029 601 1107 699 fidei
1172 671 1175 682 Ι
1231 605 1253 672 ss

60 688 183 752 libus
174 623 377 768 imperatoiis
400 686 435 748 in
456 685 574 750 faciem
595 687 843 788 resistentibus,
858 689 1037 788 praedicto,
1047 691 1107 756 Co,
1139 721 1141 727 ·

60 771 147 852 noui
167 771 395 870 Praenestino,
414 775 576 835 verbum
572 757 918 838 excommunicationis
936 757 1107 873 exponere

61 855 229 955 cupienti,
250 876 418 920 murmura
424 854 629 956 bnjusmodi
651 858 760 922 verbis
783 875 816 923 et
837 881 937 924 manu
954 861 998 924 ita
1020 880 1106 928 com

16 943 25 964 '
59 943 208 1026 pescuit:
248 942 385 1008 ecclesia
412 935 576 1022 primitiva
609 943 775 1007 martirum
790 934 964 1028 tempore
997 941 1107 1008 floruit

61 1031 152 1126 apud
164 1031 291 1104 Deum,
315 1043 435 1092 ernon
448 1031 545 1110 apud
566 1029 735 1094 homines:
758 1029 836 1094 dein
853 1031 894 1092 ad
911 1029 1013 1092 iidem
1032 1049 1106 1126 ιοιι.Ι

62 1113 153 1178 versi
177 1129 253 1176 sunt
272 1132 378 1197 reges,
400 1113 613 1212 imperatores
633 1113 796 1178 Romani
799 1129 832 1178 et
848 1112 1026 1196 principes,
1048 1107 1106 1208 qui

60 1203 210 1280 matrem
226 1215 319 1260 suam
342 1181 529 1273 ecclesiam,
560 1197 642 1272 sicut
669 1193 754 1265 boni
779 1199 846 1273 filii,
879 1178 1104 1277 honestarunt,
1162 1214 1163 1217 ¹

60 1273 269 1378 conferendo
298 1285 455 1350 ecclesiae
484 1283 560 1356 Dei
581 1283 713 1368 praedia
741 1301 773 1350 et
794 1285 929 1360 allodia,
963 1283 1105 1380 saecula·
1175 1349 1178 1358 ,

61 1370 117 1450 ιιι
143 1371 289 1448 honores
323 1385 356 1432 et
387 1369 574 1450 dignitates,
607 1369 727 1452 regalia
750 1391 893 1468 quoque
912 1365 984 1452 jura
1007 1385 1039 1432 et
1060 1345 1105 1462 in}

61 1454 185 1538 signia,
218 1455 501 1535 quemadmodum
525 1455 756 1520 Constantinus
785 1453 951 1534 ceterique
972 1435 1104 1548 fideles}
1165 1469 1168 1484 ·

60 1550 120 1602 et
126 1539 237 1622 coepit
266 1539 403 1605 ecclesia
431 1539 548 1604 llorere
586 1557 652 1602 tarn
668 1539 769 1622 apud
797 1539 975 1630 homines,
1004 1497 1115 1634 quani«,

59 1626 152 1708 apud
168 1627 295 1691 Deum.
336 1613 472 1688 Habeat
498 1645 577 1707 ergo
605 1640 709 1688 mater
738 1625 875 1690 ecclesia
904 1615 975 1688 sibi
986 1647 1004 1688 a
1025 1621 1104 1704 regi

59 1714 137 1772 bus
153 1708 227 1778 sive
253 1709 471 1808 principibus,
509 1711 625 1772 collata
659 1712 839 1798 dispenset
860 1728 909 1776 et·
921 1709 1048 1780 tribuat
1065 1711 1106 1784 ea

57 1795 136 1860 filiis
158 1795 234 1870 suis,
256 1795 339 1856 sicut
360 1796 419 1857 scit
441 1809 473 1856 st
495 1793 576 1858 sicut
598 1795 682 1864 vult
723 1783 981 1894 Prayilegium
973 1807 1103 1858 tnvesto
1179 1844 1181 1856 .

57 1891 174 1956 turae,
211 1879 330 1960 quod
322 1901 357 1940 m
379 1879 539 1945 tentoriis
548 1881 747 1944 concessisse
770 1880 957 1960 videbatur,
993 1873 1104 1942 oblite·
1133 1947 1136 1966 ί
1220 1867 1228 1886 ’
1273 1949 1275 1958 ¹

56 1989 134 2032 rare
162 1964 300 2040 volens,
332 1963 462 2028 iterans
481 1965 679 2044 sententiam
708 1957 875 2048 Gregorii
884 1988 1004 2054 papae
1011 1953 1102 2027 Vu'.

56 2050 293 2120 investituram
321 2039 617 2120 ecclesiasticarum
636 2071 746 2122 rerum
775 2051 896 2114 alaica
918 2071 1016 2136 manu
1038 2068 1104 2146 rur
1164 2061 1166 2066 ·

55 2153 115 2200 sus
152 2133 450 2200 excommunicavit
484 2137 545 2196 sub
582 2135 788 2229 anathemate
821 2137 927 2200 dantis
964 2142 1007 2204 et
1026 2111 1103 2196 acci-

53 2222 197 2304 pientis:
220 2219 389 2282 cardinalis
413 2230 493 2284 vero
516 2219 669 2282 dominus
692 2201 788 2285 Coni)
806 2221 1040 2307 Praenestinus
1062 2233 1104 2280 ta
1113 2285 1115 2290 ,

53 2311 130 2372 lem
151 2328 256 2390 papae
278 2305 355 2368 fecit
375 2304 602 2386 inductionem
629 2305 800 2386 legationis
829 2327 907 2370 suae
938 2323 970 2372 et
992 2319 1103 2402 contra
1162 2381 1170 2395 ,

54 2395 293 2456 disturbatores
315 2390 497 2472 praesentis
518 2389 646 2486 negotii
668 2407 928 2470 competentem·
966 2389 1101 2454 dominc

52 2495 166 2562 pater,
189 2477 215 2568 si
236 2492 312 2538 tuae
326 2477 439 2574 placet
461 2473 628 2555 majestati,
650 2471 678 2536 si
700 2498 779 2548 vere
802 2491 875 2538 tuus
897 2473 947 2556 sui
955 2477 1103 2558 legatus,

53 2581 91 2628 et
116 2559 205 2644 quae
227 2559 292 2624 feci
313 2559 370 2622 ubi
391 2563 522 2646 placent
543 2569 622 2624 esse
644 2576 710 2622 rata
736 2559 782 2622 in
801 2559 930 2624 auribus
953 2581 1104 2662 praesens

55 2651 98 2710 tis
123 2646 273 2746 concilii,
306 2667 363 2708 ore
394 2660 449 2706 tuo
473 2642 607 2719 edicito,
642 2659 675 2708 et
695 2646 894 2726 legationem
917 2668 1027 2712 meam
1049 2653 1104 2734 tua

54 2733 252 2796 auctoritate
283 2725 475 2812 corrobora,
508 2746 544 2790 ιιι
576 2729 679 2793 sciant
711 2751 844 2806 omnes,
880 2733 956 2830 quia
984 2749 1028 2796 tu
1044 2726 1102 2799 me

53 2817 188 2890 misisti.
231 2803 291 2899 Ad
319 2817 383 2876 hoc
412 2791 609 2896 apostolicus
638 2816 842 2898 respondeus
865 2819 922 2880 ait:
956 2837 1036 2882 vere
1059 2815 1103 2880 le-

52 2919 155 2988 gatus
179 2923 222 2966 ex
243 2905 343 2964 latere
363 2917 473 2964 nostro
496 2899 587 2985 fuisti
606 2901 741 2999 missus,
764 2917 797 2964 et
819 2901 974 2984 quicquid
996 2920 1033 2965 tu
1054 2923 1102 2988 ce,-

53 2991 145 3068 teriq
147 3010 192 3050 ue
213 2986 326 3049 iratres
353 2983 454 3060 nostri
477 2985 654 3050 cardinales
676 2986 832 3068 episcopi,
855 3005 888 3056 et
910 2989 1005 3072 legati
1028 3009 1103 3068 apo·
1146 3027 1155 3037 -
1196 3049 1198 3060 ,

53 3077 224 3138 stolorum
245 3072 334 3136 Petri
357 3085 389 3133 et
410 3070 505 3132 Pauli
527 3069 623 3164 hujus
646 3071 732 3134 sedis
760 3094 802 3134 ex
831 3088 941 3136 nostra
969 3069 1104 3152 auctori-
1175 3092 1185 3156 ι

54 3176 125 3222 tate
148 3159 318 3232 fecerum,
348 3151 580 3238 probauerunt,
603 3157 896 3232 confirmaverunt,
932 3179 994 3240 ego
1024 3179 1103 3241 quo·
1165 3173 1168 3180 ·

53 3267 129 3325 que
152 3245 259 3324 probo
282 3257 315 3304 et
336 3241 512 3313 confirmor
545 3239 699 3320 quicquid
722 3257 832 3314 autem
855 3244 1105 3332 damnaverunt,
1169 3301 1172 3306 .

19 3389 23 3404 ,
55 3333 200 3392 damno.
243 3329 287 3389 Et
320 3325 474 3390 dominus
502 3326 734 3406 Praenestinus
764 3343 1005 3408 consequenter
1032 3329 1105 3412 snb

51 3413 189 3511 junxit,
223 3412 361 3492 qualiter
383 3419 448 3492 pro
476 3411 561 3474 sedis
591 3409 676 3472 illius
704 3408 868 3500 legatione
901 3388 1104 3496 ierosolimis
1191 3406 1195 3416 ¹

54 3497 192 3578 adierit,
214 3513 246 3560 et
269 3498 359 3578 quod
379 3516 493 3580 regem
505 3495 704 3573 Henricum,
726 3512 800 3576 post
820 3496 1030 3574 sacramenta,
1052 3501 1106 3560 ob·

6 3661 9 3670 A
55 3587 151 3648 sides
176 3598 221 3646 et
232 3583 389 3680 oscula,
379 3603 415 3643 an
438 3585 508 3664 ipsa
534 3581 620 3644 beati
642 3581 732 3644 Petri
761 3583 875 3657 eccles
852 3602 906 3658 sta,
931 3577 1103 3676 dominum

54 3691 185 3766 papam
214 3668 365 3734 tenuisse.
389 3682 520 3751 captum
547 3681 581 3730 et
602 3665 749 3746 indigne
760 3681 944 3740 tractatum
976 3658 1104 3756 potiora

54 3751 269 3834 ecclesiae,
271 3753 449 3815 cardinales
471 3749 635 3827 videlicet,
664 3765 801 3826 exutos,
827 3767 941 3816 tractos
964 3771 997 3816 et
1019 3739 1105 3847 male
1152 3789 1153 3792 ι
1251 3763 1252 3770 ’

54 3853 234 3927 tractatos,
265 3837 394 3902 nobiles
417 3857 556 3920 quoque
573 3829 744 3900 Romanos
769 3835 891 3908 occisos
912 3853 947 3902 et
968 3829 1123 3920 captiva.
1192 3846 1194 3860 '

56 3940 125 4002 tos,
158 3939 192 3988 et
210 3916 329 4005 p'opuli
352 3937 494 4010 stragem
516 3920 634 3986 factam
663 3919 834 3986 audiens
825 3923 1039 4005 rogemuerit3
1073 3938 1106 3988 et

55 4031 123 4096 pro
158 4003 354 4112 hujusmodi
389 4006 587 4100 facinoribus
625 4006 783 4073 ecclesiae
821 4007 1106 4096 lerosolimitanae

875 4139 878 4156 ‚
970 4105 980 4172 ‘,
1028 4115 1104 4156 con·
1187 4141 1189 4150 ι
