2628 4748
235 372 374 474 ss
1046 323 1061 350 ’

236 563 297 636 viri
319 575 468 632 mentem
490 563 616 646 lunga
604 557 844 630 deliberatione
865 550 1088 642 stupendum,
1108 579 1170 626 nee
1189 564 1256 629 dum

204 699 207 710 .
235 651 303 722 lide
325 649 463 733 dignum
480 651 635 728 censebat
653 668 731 712 eum
750 646 816 708 suis
833 645 987 730 refragari
1003 646 1151 724 consiliis,
1172 669 1257 735 quem

155 789 159 798 .
235 755 364 802 summa
392 731 598 818 ριοιιιοιιιῐιι
611 732 776 815 diligentia
804 747 960 830 tanquam
987 731 1090 794 filium
1112 735 1257 798 educarat.

194 821 204 876 Γ
234 805 295 898 Αι
313 806 370 884 ubi
398 820 508 884 multis
536 819 572 880 id
599 818 816 882 asserentibus
845 813 1053 898 pleniorem
1056 817 1157 884 fidem
1185 821 1256 882 adbi

233 906 345 982 buit',
333 917 410 988 Jam
420 897 467 968 de
490 905 634 968 vindicta
656 924 769 968 secum
791 895 992 977 deliberans,
1019 901 1117 964 adid
1132 925 1258 984 operam

234 993 342 1071 dabat,
362 1013 407 1054 ne
428 992 550 1054 factum
572 989 666 1056 hoc'
658 987 834 1070 impunitas
856 1003 1059 1070 sequeretur.
1097 989 1258 1052 Matbaeus

180 1089 182 1097 “
233 1091 345 1226 prtem
366 1073 569 1152 Bonellus,
559 1092 603 1138 sta
623 1095 660 1138 re
683 1090 790 1159 gesta,
811 1091 963 1136 reversus
988 1072 1023 1134 in
1047 1071 1213 1136 Siciliam
1202 1097 1259 1175 Jam

268 1163 397 1228 hermas
419 1155 625 1244 pervenerat,
648 1161 739 1240 quod
762 1120 916 1242 oppidem
940 1159 980 1220 ab
1004 1160 1084 1222 urbe
1107 1161 1259 1222 Panormo

231 1247 300 1309 XX
329 1246 472 1310 millibus
502 1247 605 1310 distat.
649 1245 705 1310 lbi
734 1245 901 1324 quendam
929 1242 1067 1308 militem
1094 1263 1190 1306 suum
1218 1247 1261 1306 ob

232 1331 325 1396 vium
348 1333 485 1408 habens,
507 1353 608 1412 quem
631 1331 665 1394 in
687 1329 867 1394 Calabriam
891 1331 1093 1426 profecturus
1115 1329 1262 1392 Panormi

115 1445 124 1452 -
228 1417 447 1498 relinquerat,
479 1432 627 1498 mentem
656 1437 693 1480 ac
719 1415 925 1498 propositum
951 1410 1099 1496 Majonis
1120 1413 1262 1496 ejusdem

228 1501 391 1584 persensit
420 1501 559 1577 indicio,
593 1501 783 1585 quodque
770 1521 839 1584 Jam
862 1499 922 1564 sibi
946 1507 1086 1564 venturo
1102 1521 1262 1564 carcerem

228 1602 445 1670 praepararet·
472 1587 517 1652 Et
538 1604 766 1670 quamquam
761 1581 926 1648 Admirati
946 1582 1045 1649 literis
1068 1584 1253 1648 crebrius
1231 1609 1262 1650 cr

224 1686 367 1749 teretur,
399 1693 463 1736 nec
484 1673 618 1754 longam
641 1672 795 1762 temporis
826 1670 972 1768 angustia
994 1669 1262 1734 deliberationem

188 1783 191 1790 ·
230 1751 430 1831 admittere't,
452 1762 626 1840 prudente
655 1774 767 1822 tamen
795 1755 934 1826 consilio
962 1750 1071 1818 statuit
1091 1775 1163 1818 non
1181 1757 1261 1840 prius

102 1868 128 1896 ,ι
227 1841 381 1908 Thermis
404 1843 616 1918 abscedere,
631 1843 711 1930 quin
733 1841 838 1904 missis
859 1841 987 1904 nunciis
1016 1839 1166 1904 animum
1187 1837 1262 1904 illius

225 1927 416 2010 praeleniat.
459 1928 578 1992 Literis
608 1949 687 2010 ergo
717 1923 847 2008 Majoni
862 1925 997 1992 directis
1020 1940 1143 2002 narrat,
1173 1948 1263 2008 opera

167 2093 169 2096 .
223 2029 283 2082 sua
305 2014 435 2079 sedatos
456 2033 528 2098 esse
542 2013 708 2094 Calabriae
729 2013 904 2086 tumultus;
926 2013 1079 2090 Calabrps
1093 2031 1214 2082 omnes
1231 2013 1265 2077 ds

114 2107 120 2114 “
179 2147 186 2158 .
223 2096 363 2162 inimicis
384 2085 596 2165 amicissimos
619 2099 660 2160 ei
671 2098 784 2174 factos,
807 2112 840 2162 et
860 2099 901 2162 ad
923 2097 1165 2194 peragendum,
1182 2095 1263 2179 quio

119 2215 124 2224 ι
224 2181 341 2260 quid'
331 2181 521 2282 mjunaferit,
549 2183 737 2265 expeditos,
770 2181 959 2269 nihilque
947 2204 1017 2264 Jam
1041 2181 1150 2257 aliud,
1173 2203 1262 2262 quam

194 2267 295 2357 Jejus
329 2267 467 2350 imperia
500 2268 699 2353 praestolari.
761 2267 934 2348 Additque
970 2288 1084 2329 suam
1099 2265 1204 2349 ipsius
1235 2267 1263 2328 fi.

190 2353 302 2452 *depr
334 2354 465 2418 bacin
493 2375 529 2419 re
562 2354 706 2419 maxime
738 2353 812 2432 satis
846 2353 1049 2434 abundeque
1075 2368 1263 2452 spectatam,

223 2437 280 2518 qui
302 2454 391 2502 tanto
414 2440 525 2504 studio
547 2454 714 2538 tantaque
725 2437 943 2536 sollicitudine
970 2458 1037 2520 neg
1063 2437 1104 2500 tia
1133 2437 1263 2537 gesserit

123 2535 126 2544 ’
186 2583 194 2598 ,
221 2515 406 2622 Admirati,
434 2525 510 2590 licet
531 2543 664 2606 semper
685 2523 756 2606 ejus
777 2522 993 2587 nihilominus
1062 2523 1184 2586 luntati
1206 2522 1264 2586 dili

118 2652 133 2672 ,ι
220 2609 410 2690 gentissirne
439 2607 536 2674 fuerit
562 2613 760 2705 obsecptus,
792 2629 871 2678 suae
902 2632 970 2694 per
987 2609 1108 2672 omnia
1123 2607 1263 2706 jussioni

188 2772 191 2780 V
221 2693 431 2768 deserviens,
464 2715 505 2756 ea
523 2714 590 2776 spe
620 2691 758 2776 quidem
787 2715 824 2756 ac
851 2686 986 2768 fiducia,
1014 2708 1051 2765 ut
1072 2715 1180 2773 qnem
1204 2691 1263 2756 suis

220 2779 350 2849 videret
380 2779 534 2846 insudare
562 2777 714 2861 negotiis,
743 2801 822 2844 eum
855 2777 1006 2878 ampliori
1027 2779 1265 2862 benevolentia

219 2863 368 2928 'crederet
379 2867 678 2946 amplectendum,
712 2881 888 2963 pactasque
921 2863 982 2928 sibi
1013 2862 1102 2928 filiae
1136 2864 1264 2945 nuptias

218 2969 289 3022 non
312 2949 615 3023 differre13verum
638 2949 733 3012 hoc
724 2971 759 3013 tn
782 2949 981 3014 contrarium
1004 2947 1155 3032 cessisse.
1179 2952 1264 3048 Nam

127 3081 129 3089 ,
216 3055 277 3114 pro
299 3034 414 3116 grstia,
443 3033 551 3116 potius
584 3033 851 3116 ingratitudinem
887 3025 1170 3132 compensationis
1194 3034 1263 3098 vice

218 3120 286 3204 srbp
299 3119 492 3208 repositam,
523 3119 660 3217 Jamque
682 3139 718 3186 se
741 3119 843 3218 longa·
862 3117 1085 3218 promissionis
1116 3135 1264 3219 expecta

217 3205 307 3278 tione
334 3225 534 3286 suspensum
564 3203 683 3266 diutius
710 3204 861 3279 cruciari,
894 3209 1022 3284 stioque
1044 3205 1194 3268 fraudari
1217 3207 1268 3268 de

217 3287 347 3362 siderio
376 3293 516 3359 Nunc
521 3289 556 3366 id
583 3309 618 3351 se
646 3305 779 3372 rogere,
811 3285 845 3372 id
874 3287 1084 3370 plenitudine
1106 3307 1266 3354 votorum

79 3347 88 3364 ⁸
124 3371 136 3378 ”
168 3429 174 3436 ,
216 3393 413 3472 exposcere,
459 3395 496 3474 ac
528 3371 555 3442 si
583 3373 667 3456 puid
707 3377 749 3438 de
789 3396 831 3438 eo
868 3377 957 3442 bene
991 3391 1183 3451 meruerat,
1217 3377 1267 3436 ob

192 3459 346 3558 uesperi,
370 3459 485 3540 utqui
508 3459 660 3524 timorem
682 3460 753 3542 eJus
775 3459 809 3526 in
819 3460 992 3562 gaudium
1015 3475 1266 3536 commutasset,

50 3561 54 3565 “
141 3607 145 3612 .
216 3541 273 3620 qui
294 3545 488 3617 temendutn
512 3564 548 3610 ac
571 3543 658 3612 triste
679 3545 757 3617 belli
780 3541 977 3628 principium
1006 3545 1050 3608 ad
1070 3545 1181 3611 laetos
1206 3545 1289 3630 erri-¹

216 3643 282 3725 tps
281 3628 512 3712 perduxisset,
538 3647 617 3708 eum
634 3630 835 3704 redeuntem
858 3628 1010 3714 promissi
1031 3631 1184 3730 conjugii
1207 3633 1267 3694 lae·

216 3710 284 3810 titis
311 3729 546 3786 muneraret...
555 3699 687 3792 Has
679 3715 784 3796 igitur
802 3715 910 3784 literas
940 3713 1178 3782 Admiratus
1168 3717 1266 3798 snspi

139 3848 144 3854 ,
217 3795 330 3872 riensi
324 3799 561 3876 familiaribus
568 3799 642 3864 suis
659 3820 714 3864 eas
736 3800 896 3880 ostendit,
917 3795 1048 3880 illisque
1074 3803 1266 3886 praecipue,

163 3886 186 3940 .'
215 3881 284 3960 qui
277 3883 450 3956 adversus
469 3875 673 3962 Matbaeuin
688 3887 868 3965 Bonellum
884 3885 969 3970 ejus
996 3884 1267 3970 indignationem

159 4019 163 4026 ι
218 3979 481 4106 commoverant,
491 3953 735 4056 ‹deeqqpalun
752 3992 823 4052 esso
840 3991 967 4100 nunc
948 3987 1066 4058 eorum
1066 3971 1267 4060 falsitatem,

222 4099 241 4122 ι
553 4121 562 4127 ,
1166 4070 1264 4142 quae
