2682 4756
222 356 297 468 ιιι
384 443 392 467 ,

225 550 339 614 ιοιιιιιι
355 533 470 600 falsam
490 521 604 600 ulnam
626 531 836 632 castigavit,
825 533 949 599 brachii
970 513 1021 600 r'ui
1045 523 1195 602 mensura
1211 537 1254 604 a'd·

107 669 110 674 ·
149 633 150 636 ’
226 607 337 718 hibita,
359 616 581 702 omnibusque
601 639 662 704 per
684 605 843 702 Arrgliam
863 617 1041 704 proposita.
1084 621 1252 688 Curialibus

226 701 295 776 suis
315 703 506 788 ubicunque
527 705 680 770 villarum
702 719 806 785 esset,
830 719 990 803 quantum
1014 726 1032 770 a
1054 705 1176 790 rusticis
1197 729 1254 792 gra

118 797 119 800 ’
228 789 266 854 ιιι
290 789 354 854 acci
381 809 454 868 cre,
481 806 661 880 quantum,
686 807 719 856 et
741 799 843 875 quoto
866 789 970 872 pretio
1000 813 1113 856 emere
1141 789 1254 858 debuis

228 890 314 954 sent,
333 812 451 950 eliniu
474 869 707 959 transgessores
725 875 782 940 vel
799 873 892 958 gravi
909 875 1123 960 pecuniarum
1135 879 1253 956 mulcta,

21 988 25 1000 ·
121 1034 125 1049 ,
228 959 286 1026 vel
306 962 395 1025 vitae
417 961 589 1044 dispendio
612 961 768 1028 afficiens.
809 959 975 1044 Principio
1002 961 1113 1044 regni,
1146 976 1181 1024 ut
1206 980 1255 1030 ter

126 1069 129 1080 ¹
227 1055 302 1112 ιοιε
325 1047 469 1130 exempli
490 1067 564 1110 reos
584 1045 746 1119 inureret,
779 1045 821 1110 ad
848 1047 1074 1110 membrorum
1102 1047 1256 1114 detrunca

191 1209 193 1214 ,
228 1131 370 1208 tionem,
402 1133 477 1216 post
504 1133 575 1196 ad
574 1131 734 1230 pecuniae
762 1130 960 1197 solutionem
982 1131 1176 1216 procliviorr
1205 1154 1255 1216 pro

227 1233 378 1296 morum
374 1229 460 1300 ergo
481 1215 673 1318 prudentia,
701 1233 738 1279 ut
759 1217 830 1282 fare
850 1215 913 1281 fert
933 1232 1048 1280 natura
1069 1217 1255 1297 mortalium,

229 1289 437 1450 optimatibus
459 1302 666 1382 venerabilis,
687 1294 943 1384 provincialibus
965 1301 1111 1366 amabilis
1133 1303 1256 1366 habeba
1320 1365 1321 1368 ,

243 1387 483 1534 unguod
459 1407 486 1453 st
508 1387 567 1468 qui
586 1383 750 1470 majorum
768 1385 865 1472 jurati
886 1385 1079 1454 sacramenti
1100 1385 1257 1452 immemo
1315 1382 1321 1425 ³

229 1492 324 1536 resa

368 1473 423 1537 dei
449 1471 575 1538 tramite
605 1472 841 1550 exorbitarent,
874 1472 1030 1540 continua
1058 1487 1094 1536 et
1121 1471 1257 1538 consilio·

228 1557 487 1634 rumefficacia,
509 1575 542 1624 et
561 1556 734 1624 laborum
721 1557 977 1648 perseverantia
999 1577 1155 1622 erroneos
1178 1579 1258 1622 revo

229 1645 323 1707 cabat
345 1644 385 1708 ad
407 1643 545 1719 lineam,
579 1664 639 1728 per
666 1634 871 1724 asperitatem
894 1645 1071 1708 vulnerum
1095 1633 1258 1708 detrectan-

230 1741 291 1810 tes,
324 1724 487 1795 reducens
524 1730 564 1793 ad
593 1725 764 1792 sanitatem
792 1729 988 1792 animorum.
1058 1729 1134 1810 Nec
1166 1728 1258 1806 facile,

230 1833 332 1892 quarn
356 1813 533 1878 diuturnos
561 1813 733 1878 sudores'
725 1835 762 1874 ιιι
789 1811 905 1876 talibus
928 1811 1101 1890 effuderit,
1140 1835 1260 1878 enume-

198 1913 201 1926 '
229 1920 312 1974 rem,
335 1901 413 1960 dum
436 1897 517 1966 nihil
539 1898 658 1997 patitur
677 1895 830 1982 ipultum,
853 1901 944 1982 quod
966 1899 1259 1980 adelinquentibus

115 1970 143 1989 '⁴
230 1985 446 2048 commissum
476 1981 628 2067 dignitati
660 2003 739 2048 suae
774 1997 844 2046 non
879 1999 966 2048 esset
1001 1999 1259 2050 consentaneum

229 2069 421 2152 Pugnatum
444 2085 512 2138 erat
534 2069 674 2136 maxima
692 2089 797 2144 causa,
807 2069 1024 2144 Normannra,
1042 2083 1079 2132 ιιι
1098 2083 1174 2134 ante
1189 2067 1264 2146 dixi,

200 2213 202 2225 ,
230 2153 355 2233 inqua
372 2153 446 2252 ipse
469 2154 587 2236 pariter
607 2152 716 2217 multis
732 2153 833 2216 annis
856 2151 998 2238 degens,
1027 2151 1174 2237 Aitgliae
1191 2173 1260 2238 ··quo

231 2256 298 2318 que
319 2237 578 2338 prospiciebat,
567 2239 660 2302 nullo
672 2241 823 2306 audente
841 2254 939 2321 caput
956 2239 1091 2322 erigere,
1117 2241 1194 2302 dum
1214 2241 1261 2302 ille

190 2388 195 2404 ,
229 2323 409 2399 audaciam,
431 2322 486 2390 ille
508 2317 693 2424 suspiceret
709 2325 925 2408 prudentiam
953 2327 1029 2390 Neo
1045 2347 1127 2392 vera
1143 2319 1262 2407 pro'pter

229 2409 446 2474 rebellionem
477 2406 660 2490 aliquorum
691 2429 864 2493 procerum
893 2411 1042 2492 unquam
1064 2429 1199 2474 suorum
1219 2431 1261 2507 ap

69 2517 70 2524 ¹
137 2493 147 2576 '¹
200 2493 350 2578 ¹petitus
373 2505 423 2571 'est
444 2493 583 2570 insidiis,
611 2495 673 2558 nisi
696 2495 817 2560 semel:
855 2513 967 2566 auctor
989 2514 1102 2560 earum
1127 2495 1187 2560 suit
1206 2493 1298 2594 qui·

120 2613 123 2620 ,
207 2611 208 2616 ι
232 2580 308 2642 darn
331 2579 544 2646 cubicularius
567 2577 723 2663 plebeji
711 2581 840 2663 generis
863 2597 971 2664 patre,
1005 2583 1064 2646 sed
1085 2603 1148 2663 pro
1173 2579 1261 2662 regio

120 2727 124 2750 ,
230 2686 304 2728 rum
317 2665 541 2732 thesaurorum
556 2666 714 2741 custodia,
725 2665 842 2734 famosi
853 2665 1009 2741 nominis,
1021 2667 1160 2740 homine
1170 2683 1262 2729 natus.

139 2759 142 2772 ¹
230 2751 268 2816 Is
301 2745 529 2834 deprehensus
560 2765 595 2818 et
626 2751 739 2820 facile
753 2753 923 2816 consessus
959 2772 1083 2834 poenas
1120 2747 1262 2834 perfidiae

233 2835 348 2900 acriter
371 2835 469 2910 luit,
477 2852 606 2919 praeter
628 2837 691 2898 hoc
715 2851 781 2898 tota
802 2837 869 2900 vita
890 2857 1035 2912 securus,
1058 2837 1186 2901 animos
1207 2857 1261 2898 om·

230 2920 325 2986 nium
349 2921 475 2997 timori,
496 2943 665 2987 sermones
689 2922 791 2984 amori
814 2917 983 2986 obstrictos
1006 2923 1158 2988 habebat.

317 3008 443 3070 Statura
471 3007 632 3092 minimos
650 3007 922 3152 supergrediens,
955 3009 1147 3074 amaximis
1167 3007 1262 3072 vince

231 3086 355 3168 batur,
356 3093 445 3158 crine
461 3093 572 3176 nigro,
595 3108 627 3155 et
644 3093 749 3174 juxta
758 3094 900 3157 frontem
920 3093 1064 3184 profuso,
1086 3093 1189 3160 oculis
1207 3093 1263 3154 dul-

173 3219 176 3228 ·
232 3197 270 3240 ce
292 3170 434 3253 serenis,
463 3178 596 3242 thoroso
618 3193 769 3258 pec,t0re
797 3199 934 3258 carnoso
953 3199 1117 3266 corpore,
1152 3176 1262 3242 facetia

151 3299 154 3308 ,
232 3283 307 3328 rum
336 3283 395 3344 pro
425 3279 575 3362 ternpore
602 3263 739 3362 plenus,
771 3285 835 3326 nec
862 3285 922 3364 pro
943 3259 1034 3328 arole
1057 3264 1262 3348 negotiorum,

233 3366 368 3410 cumae
392 3349 621 3410 communioni
645 3348 805 3421 dedisset,
827 3349 935 3412 minus
954 3349 1138 3430 jucundusr
1167 3349 1262 3412 minus

231 3432 402 3516 pugnacis
419 3435 526 3498 famae
549 3432 708 3515 Scipionis
730 3431 881 3500 Africani
908 3433 1029 3498 dictum
1059 3450 1263 3518 repraesenta·

146 3531 149 3544 ·
216 3517 307 3582 ,bart
349 3517 585 3598 imperatorem
607 3540 663 3584 me
685 3533 789 3584 mater
812 3540 895 3594 mea,
917 3541 987 3583 non
989 3519 1198 3584 bellatorem
1220 3539 1263 3610 ps

232 3604 329 3683 perir.
393 3604 604 3692 Quapropter
633 3603 796 3686 sapientia
817 3605 900 3668 nulli
907 3625 1075 3705 unquam
1104 3608 1263 3668 moderno

232 3707 307 3754 rum
330 3709 447 3770 regum
471 3690 646 3771 secundus,
668 3705 702 3756 et
719 3708 807 3786 pene
826 3677 941 3764 ιιιιιιιι,
963 3690 1112 3756 omnium
1136 3707 1263 3769 anteces

232 3791 348 3836 sorum
370 3776 405 3838 ln
427 3753 552 3856 Anglia
573 3774 670 3840 facile
676 3775 845 3874 primus,
860 3775 1014 3846 libentius
1036 3777 1175 3841 bellabat
1201 3795 1264 3836 con·

232 3859 319 3937 allio,
342 3879 442 3940 quam
464 3859 583 3940 gladio.
616 3858 845 3940 vincebat,
820 3881 847 3924 st
868 3858 1004 3944 poterat,
1022 3862 1189 3960 sauguine
1204 3858 1264 3922 nul·

69 3979 71 3984 ·
233 3940 294 4024 la,
325 3945 362 4018 ai
381 3943 476 4018 aliter¹
500 3965 569 4016 non
596 3959 751 4028 poterat,
761 3966 913 4030 pausat..
928 3942 1093 4024 Omnium
1119 3964 1183 4024 rora
1208 3944 1264 4006 vita

1139 4028 1261 4096 Omnlllo

562 4167 572 4194 Ι
