2628 4748
776 429 789 470 r
872 438 888 506 2
948 397 1132 490 ‚¹285-

50 601 122 648 ausu
146 599 214 642 nun
240 577 438 662 formidavit.
466 583 509 629 -“-
541 579 694 646 Accessit
728 580 768 643 ad
797 577 895 665 hujus
922 580 1072 656 seditiosi
1151 572 1160 592 ’

49 665 444 748 facinorisargumentum,
468 667 564 748 quod*
581 667 753 730 Amoldus
776 669 908 748 quidam
927 670 1073 759 Britfien·
1093 669 1096 686 ’
1120 715 1123 722 ,

49 753 94 825 sis,
115 753 156 828 de
177 769 243 828 quo
259 749 484 830 supradictum
507 764 572 827 est,
594 755 654 813 sub
677 768 757 834 typo
778 753 959 835 religione
977 768 1012 818 et
1034 769 1073 820 ut

49 833 232 916 evangelicis
255 832 363 897 berbis
386 851 466 911 utar,
489 835 548 898 sub
572 836 672 903 onina
694 837 782 918 pelle
803 839 922 920 lupum
942 832 1073 922 gerens,
1149 861 1154 868 “

36 925 152 984 ›urbem
173 918 352 1000 ingressus,
383 923 430 982 ad·
444 921 736 986 faotionem'is'tam
759 925 848 984 rudis
872 921 986 1003 populi
1009 925 1073 986 ani·
1143 941 1152 1006 s

48 1007 101 1069 mis
127 1005 296 1086 praemolli
326 1007 478 1088 dogmate
508 1008 549 1068 ad
571 1007 808 1070 animositatem
829 1007 993 1084 accensis,
1027 1010 1074 1072 in·
1111 1045 1113 1052 ·
1148 1075 1150 1078 ,
1234 1051 1240 1058 -

48 1103 206 1153 numeram
235 1103 309 1170 post
341 1111 377 1154 se
413 1093 522 1167 duxit,
564 1092 632 1154 irno
658 1091 789 1155 'seduxit
817 1092 1073 1158 multitudinem.

48 1175 207 1240 Arnoldus
230 1173 290 1236 iste
313 1197 355 1238 ex
378 1177 472 1240 Italia
499 1175 628 1240 civitate
642 1175 760 1241 tBiixia
782 1178 958 1251 oriundus,
990 1177 1076 1258 ejus*

49 1263 180 1338 demque
207 1259 365 1324 ecclesiae
388 1261 533 1337 clericus,
562 1283 598 1324 ae
625 1277 749 1324 tantum
772 1263 874 1325 lectur
895 1261 1075 1346 ordinatust

48 1346 169 1406 Petrum
191 1343 409 1430 Absilardum
432 1347 780 1428 olimpi-receptorem
804 1348 983 1409 babuerat..
1008 1349 1076 1410 Vir

49 1429 170 1508 quidem
198 1432 333 1491 naturae
363 1451 432 1492 non
462 1432 606 1506 hebetis,
635 1431 713 1512 'plus
749 1429 859 1494 rameri
894 1435 1075 1498 verborum

48 1511 209 1593 profluvio,
229 1533 328 1594 quam
348 1516 582 1579 sententiarum
600 1519 747 1598 pondere
769 1517 931 1597 copiosus.
963 1517 1075 1599 Singut

47 1595 162 1661 latitatis
187 1613 321 1678 amator,
342 1590 495 1663 nouitatis
518 1598 672 1683 cupidus:
694 1601 878 1683 cujusmodi
900 1600 1073 1664 hominum
1145 1673 1149 1680 Ι

47 1677 173 1763 ingenia.
187 1687 229 1745 ad
252 1685 451 1768 fabricandas
472 1687 634 1760 haereses,
657 1686 935 1765 schismatumque
954 1701 1076 1766 pertun·

47 1768 183 1830 bationes
210 1785 290 1832 sunt
317 1793 431 1851 prona:
473 1775 509 1850 Is
538 1773 691 1835 astudio
721 1795 739 1833 a
763 1770 864 1834 Gallis
887 1773 921 1834 iu
943 1771 1083 1835 Italiam.

48 1869 221 1928 revertens,
255 1855 444 1938 religiosum
473 1849 636 1932 habitum,
670 1877 736 1936 quo
760 1855 900 1937 amplius
922 1857 1076 1938 decipere

49 1953 161 2016 posset,
184 1939 307 2021 induit,
329 1941 440 2002 omnia
461 1943 622 2014 lacerans,
651 1941 762 2006 omnia
783 1941 921 2024 rodens,
949 1939 1077 2004 nemini
1105 1945 1110 1964 '

48 2041 169 2100 parcens
180 2029 197 2098 ‚¹
217 2020 410 2088 clericorum
434 2045 470 2090 ac
493 2026 721 2108 episcoporum
745 2027 938 2108 derogator,
964 2033 1078 2086 mona·-

48 2106 171 2169 ohurum
209 2126 417 2193 persecutor,
451 2112 538 2173 laicis
572 2123 696 2194 tanturn
730 2111 877 2185 adulans.
933 2109 1077 2174 Dicebat

48 2191 150 2258 enimc
163 2215 228 2258 nec
250 2195 382 2257 clericos
405 2197 644 2278 proprietatem,
665 2216 730 2258 neu
752 2195 924 2276 episcopos
945 2195 1077 2278 regalia,
1107 2191 1113 2210 ⁸
1190 2253 1191 2262 ,

48 2295 102 2349 nec
132 2280 312 2342 monachos
346 2281 567 2360 possessiones
600 2280 774 2355 habentes,
810 2281 919 2359 aliqu'a
949 2282 1077 2344 ratione

48 2361 153 2424 salvari
174 2382 284 2444 posse.
328 2354 451 2428 Cu'ncta
474 2367 555 2428 haec
577 2363 729 2447 principis
754 2383 844 2437 esse,
874 2368 914 2426 ab
937 2364 1077 2445 ejusque

48 2445 259 2512 beneficentia
279 2449 431 2515 inrisum
455 2467 579 2514 tanturn
601 2450 757 2512 laieorum
775 2451 896 2513 cedere
914 2465 1101 2530 oportere„

48 2529 172 2616 Praeter
192 2534 277 2598 haec
300 2537 341 2599 de
364 2551 564 2603 sacramento
587 2533 708 2608 altarist
743 2534 905 2615 baptismo
929 2535 1079 2615 parvulo·

49 2634 114 2676 rum
142 2636 211 2682 non
242 2639 321 2684 sane
349 2621 463 2685 dicitur
490 2619 640 2684 sensisse.
701 2621 766 2687 His
796 2617 932 2698 aliisque
959 2617 1079 2693 modis,

49 2719 123 2778 quos
151 2705 290 2787 longum
321 2721 370 2776 est
397 2727 609 2781 enumerare,
644 2705 724 2767 dum
752 2705 948 2768 Brixensetn
978 2705 1078 2766 eccle

48 2785 359 2870 siampperturbaren
388 2791 543 2872 laicisque
564 2797 667 2854 terrae
689 2791 774 2851 illins
795 2789 979 2872 prurientes
1001 2804 1079 2870 erga

49 2872 163 2934 clerum
186 2895 281 2938 aures
303 2875 515 2951 habentibus,
544 2875 774 2939 ecclesiasticas
797 2874 959 2938 malitiose
981 2880 1082 2954 erpo·¹

48 2976 133 3020 neret
154 2960 298 3044 paginas,
320 2963 356 3022 in
377 2981 497 3043 magno
520 2960 669 3023 concilio*
682 2963 811 3023 Romae
834 2963 897 3022 snb'
914 2957 1079 3022 Innocen-

50 3040 89 3102 tio
110 3042 236 3118 habitu,
267 3050 305 3108 ab
328 3045 483 3127 episcopo
505 3042 765 3118 civitatisillius‚
788 3043 933 3125 virisque
954 3041 1080 3124 religio.
1143 3067 1148 3080 ·

49 3129 88 3188 sis
110 3146 284 3192 accusatur.
316 3133 486 3194 Romanus
510 3151 588 3213 ergo
611 3129 770 3214 pontifex,
792 3137 836 3193 rte
859 3127 1082 3212 perniciosum
1154 3175 1161 3182 -
1204 3186 1206 3193 .

50 3212 162 3295 dogma
183 3219 234 3290 ad*
246 3218 355 3300 plures
376 3215 537 3297 serperet,
558 3217 798 3298 imponendum
821 3213 894 3278 viro
915 3211 1082 3286 silentium
1145 3253 1148 3259 -
1200 3221 1206 3230 '

48 3289 207 3362 decernite
243 3301 354 3381 sieque
381 3301 503 3362 lactum
532 3315 590 3364 est.
634 3304 686 3366 Ita
710 3301 814 3362 homo
842 3299 899 3363 itte
921 3301 965 3362 de
983 3299 1082 3362 Italia
1168 3315 1197 3354 ⁰.

49 3381 190 3466 lugiens,
220 3387 262 3448 ad
290 3386 485 3468 transalpina
513 3407 548 3450 se
578 3385 731 3458 contulit3
765 3384 878 3464 ibique
900 3383 936 3446 in
957 3384 1081 3466 oppidu
1179 3439 1184 3458 ,

50 3466 247 3532 Alamannia
274 3473 409 3553 Turego
432 3471 575 3534 osticium
598 3469 738 3534 doctoris
762 3489 949 3544 assumens,
977 3469 1082 3550 perni-
1117 3537 1121 3548 ,

50 3551 169 3616 ciosum
184 3549 320 3640 dogma
348 3559 472 3636 aliquot
505 3557 620 3621 diebus
655 3553 839 3619 seminavit.
905 3557 1083 3636 Comperta
1223 3605 1253 3614 ..

20 3687 21 3692 ,
51 3653 126 3700 vero
148 3657 255 3704 morte
277 3643 482 3717 Innocenti,
504 3643 587 3728 cirea
609 3639 768 3724 principia
790 3639 996 3724 pontificatus
1009 3643 1084 3716 ,Err-
1120 3683 1125 3689 -
1152 3702 1158 3719 p
1197 3683 1199 3688 -

49 3723 142 3802 genii,
158 3725 276 3789 urbem
289 3727 462 3810 ingressus,
476 3749 550 3791 cum
566 3749 638 3791 eam
655 3739 765 3788 sonna
782 3726 972 3810 pontificem
986 3743 1083 3787 suunt
1130 3739 1134 3745 “

50 3805 82 3866 in
102 3808 299 3878 seditionem
321 3813 489 3876 excitatam
513 3812 704 3891 invenisset,
734 3812 796 3874 viri
816 3807 972 3893 'sapientis
994 3811 1084 3874 haud

49 3897 395 3971 sectatusoonsilium,
418 3897 460 3962 de
483 3898 672 3980 hujusmodi
702 3895 856 3960 dicentis:
888 3915 933 3960 ne
955 3896 990 3957 in
1012 3897 1084 3997 ejus
1171 3947 1181 3958 ,
1227 3929 1235 3962 ,·

49 3973 157 4059 ignem
184 3979 276 4068 ligna
302 3997 421 4068 struat,
454 3984 593 4068 amplius
619 3981 761 4050 eumin
781 3981 981 4068 seditionem
1003 3979 1085 4080 erpi·

197 4101 207 4113 x
243 4108 245 4112 -
622 4112 626 4120 ,
663 4093 665 4102 ’
985 4078 1083 4130 tavit:
