2682 4756
158 523 161 528 Α
215 400 315 527 'nst

235 623 330 694 morli
351 625 442 706 unda
470 565 642 704 eupieham
673 631 820 684 avertere
837 619 889 692 ab
920 616 1058 694 ecelesia
1088 621 1285 702 et.populo

119 697 133 711 ³
159 747 162 754 ·
235 712 316 788 etei,
336 711 482 790 et‘quod
504 710 577 783 feei,
599 727 659 789 pro
680 703 871 770 libentione
895 704 1010 786 populi
1028 705 1095 770 Dei
1110 705 1190 778 feci;
1214 703 1285 768 feci

236 815 365 870 autam,
386 809 424 858 ut
444 796 561 868 homo,
580 792 657 874 quia
678 811 751 856 sum
775 791 883 872 pulvis
906 805 939 854 et
953 789 1067 866 ‘tinisa
1081 791 1198 866 fateor,
1221 811 1283 854 me

234 885 322 962 male
344 881 494 957 fecisse,¹
517 881 576 944 sed
603 898 684 959 rogo
712 897 773 940 vos
802 894 919 938 omnes
947 896 1040 940 orare
1067 897 1127 958 pro
1155 897 1213 940 me
1237 873 1282 938 ad

233 971 361 1042 Deum,
383 981 420 1030 ut
439 965 606 1046 indulgeat
625 961 720 1026 mihi.
751 963 843 1026 Illud
864 975 976 1032 autern
998 961 1163 1044 seriptum,
1180 962 1279 1042 quod

232 1054 271 1126 in
292 1050 438 1118 t'entoriis
458 1051 581 1113 iactum
603 1064 668 1122 est,
688 1049 781 1130 quod
802 1067 862 1128 pro
886 1045 1044 1126 pravitate
1064 1047 1116 1110 sui
1136 1047 1279 1129 pravile-

93 1164 99 1188 ι
165 1129 168 1136 ’
233 1139 326 1223 giurn
348 1135 479 1211 dicitur,
511 1149 690 1198 contemno
712 1135 773 1198 sub
795 1148 956 1212 perpetuo
980 1133 1206 1210 anathemate,
1239 1145 1278 1212 ut

130 1257 139 1276 ι
164 1240 165 1243 ’
232 1225 356 1302 nullius
377 1239 534 1300 umquam
556 1219 596 1282 sit
616 1221 724 1282 bonae
748 1216 944 1292 memoriae,
972 1232 1006 1282 et
1026 1239 1106 1302 rogo
1124 1239 1186 1282 vos
1207 1239 1277 1278 om.
1329 1267 1330 1274 ,

231 1315 312 1383 nes',
339 1305 627 1371 utomnet'idem
647 1303 780 1368 faciatis.
831 1305 929 1366 Tune
951 1306 992 1366 ab
1013 1303 1176 1368 universis
1198 1323 1275 1364 con·

231 1397 407 1460 ulmetum
430 1405 497 1456 est:
518 1391 583 1465 fiat,
604 1389 674 1450 hat!
701 1393 816 1454 Bruno
838 1403 949 1452 autem
972 1389 1124 1470 Signinus
1147 1389 1273 1470 episco-
1328 1385 1330 1422 ⁴

231 1499 293 1561 pus
316 1479 409 1540 altius
431 1496 566 1542 exorsus
589 1474 647 1536 aits
669 1475 783 1558 gratias
806 1473 931 1554 agimus
950 1474 1168 1556 omnipotenti
1179 1477 1271 1550 Deo,

230 1565 323 1646 quod
346 1563 517 1626 dominum
541 1557 711 1624 Passalem
734 1579 871 1642 papam,
900 1557 956 1638 qri
978 1561 1142 1640 praesenti
1165 1560 1269 1621 conoi-

177 1659 187 1732 ᾖ
212 1649 276 1710 atio
299 1648 476 1730 praesidet,
510 1643 696 1710 audivimus
715 1645 849 1742 proprio
873 1663 930 1708 ore
952 1643 1165 1708 damnantem
1186 1645 1269 1714 illud

161 1781 194 1798 ..
230 1734 478 1816 pravilegium,
505 1731 597 1810 quod
632 1743 824 1814 pravitatem
860 1742 894 1790 et
920 1729 1082 1792 haeresim
1110 1730 1268 1808 eontinet.

121 1851 129 1858 -
229 1820 289 1882 Aa
312 1821 394 1882 haec
416 1818 548 1898 quidam
571 1815 770 1884 cavillatorie
791 1813 975 1894 subjunxitr
1007 1814 1033 1876 si
1050 1813 1266 1898 privilegium

229 1903 311 1966 illud
337 1902 497 1988 haeresim
526 1901 728 1974 continebat,
763 1901 822 1980 qui
856 1899 937 1962 illud
969 1901 1056 1976 feeit,
1084 1899 1263 1967 haereticus

229 1989 299 2050 fuit
348 1989 493 2050 loannes
526 2001 651 2052 autem
677 1985 851 2066 cajetanus
881 2000 1083 2066 commotus,
1112 1987 1155 2048 ad
1183 1985 1263 2052 haee

226 2073 364 2153 Signino
390 2071 574 2150 respondite
605 2087 691 2134 tune*
706 2070 777 2145 his,
807 2087 840 2134 et
861 2070 895 2132 in
918 2069 1068 2146 oonsilio,
1094 2069 1195 2134 nobis'
1213 2093 1262 2134 au-

226 2157 404 2232 dientibus,
434 2157 627 2220 Romanum
653 2156 843 2238 pontificem
871 2155 1014 2236 appellas
1043 2155 1262 2234 haereticum?

192 2281 201 2295 ι
226 2243 380 2324 seripnrm
398 2243 489 2322 quod
505 2239 756 2304 leoit‘dominus
778 2262 871 2324 papa,
894 2242 1016 2304 malum
1040 2241 1177 2326 quidem
1193 2244 1259 2318 suit,

226 2327 450 2396 adhaeseris
472 2326 633 2390 nonfuit.
675 2327 720 2390 Et
741 2327 820 2390 alter
841 2326 975 2405 quidam
998 2327 1131 2408 adjecit:
1159 2330 1257 2392 immo
1313 2373 1316 2384 .

67 2400 70 2414 ’
115 2427 117 2436 ’
224 2429 289 2475 nee
310 2406 524 2474 malumdici
552 2413 669 2485 debet,
701 2412 780 2492 quia
806 2409 833 2474 si
852 2411 990 2476 liberare
1012 2415 1178 2502 populum
1198 2413 1258 2480 Dei

224 2487 352 2561 honum
373 2514 432 2576 est,
455 2497 545 2576 quod
567 2496 720 2560 dominus
742 2517 826 2578 papa
847 2497 933 2570 fecit,
954 2499 1082 2559 bonum
1102 2500 1256 2574 fuit;.sed

69 2585 71 2594 '
159 2625 161 2633 ι
224 2583 361 2646 liberare
378 2585 538 2679 puppium
556 2582 634 2657 Dei,
650 2585 776 2644 bonum
799 2598 858 2658 est,
880 2582 1256 2668 auctoritataevsngelii,

155 2684 157 2686 ·
224 2683 292 2756 qua
314 2667 546 2750 praecipimur,
580 2669 703 2732 animas
716 2679 860 2748 'quoque
879 2689 939 2750 pro
956 2667 1105 2742 fratribus
1124 2691 1256 2752 ponere.

174 2801 177 2810 .
222 2756 283 2818 Ad
301 2755 394 2828 haec,
412 2750 564 2833 patientia
578 2751 703 2816 domini
725 2775 840 2834 papae,
862 2753 1028 2816 horrendo
1044 2754 1189 2820 haeresis
1205 2777 1257 2818 no·

142 2902 144 2908 ,
221 2841 317 2904 mine
335 2837 560 2920 expergefacta
583 2853 641 2913 est,
664 2855 697 2902 et
718 2859 819 2900 manu
839 2837 1005 2902 silentium
1022 2837 1256 2920 iudicationis

85 2926 87 2940 ’
132 2963 151 2990 „-
220 2927 408 2988 sinendum
428 2928 585 2988 clamores
616 2939 650 2986 et
673 2941 844 2986 murmura
870 2924 934 2984 tali.
952 2924 1080 3000 ratione
1112 2947 1256 3008 compes·

103 3051 115 3091 „
151 3031 157 3036 ·
220 3014 296 3085 onis,
320 3011 447 3074 dicans:
480 3009 595 3072 fratres
609 3023 642 3074 et
660 3008 784 3079 domini
808 3008 883 3082 mei,
905 3009 1025 3082 audite,
1047 3010 1186 3079 eeclesia
1200 3012 1257 3076 ista

218 3113 401 3174 numquam
424 3093 537 3156 habuit
556 3093 736 3167 haeresim,
765 3093 944 3164 immo‘hie
959 3105 1084 3158 'omnes
1105 3095 1256 3162 haereses

220 3196 454 3260 conquassatae
477 3194 563 3242 sunu
585 3179 653 3242 Hic
674 3179 816 3243 Arsiana
837 3179 990 3256 haeresis,
1012 3199 1096 3259 qnae
1119 3203 1181 3262 per
1202 3199 1257 3244 tre

219 3283 332 3330 centos
352 3267 421 3331 fere
445 3283 548 3327 annos
572 3264 687 3345 viguit,
717 3266 881 3328 adnullata
911 3280 973 3330 est:
1015 3265 1056 3328 ab
1083 3266 1148 3329 ¹hac
1175 3270 1254 3334 sede

217 3351 361 3414 haeresis
378 3349 582 3424 Eutichiana,
601 3347 787 3414 'Sabellam
802 3349 947 3424 connita,
964 3350 1127 3426 Photinus
1146 3353 1256 3420 osted·
1325 3427 1326 3432 η

218 3438 285 3519 que
308 3437 459 3499 haeretici
482 3431 635 3498 destructi
656 3451 747 3497 sunt:
769 3455 829 3516 pro
851 3436 913 3497 hac
929 3437 1067 3500 ecclesis
1081 3437 1169 3501 filius
1189 3437 1255 3502 Dei

105 3574 108 3588 ,
216 3516 252 3584 in
274 3521 425 3602 passione
446 3519 561 3594 oravit,
584 3541 659 3582 eum
682 3518 778 3582 dixit:
800 3541 863 3602 ego
885 3539 944 3601 pro
967 3537 999 3584 te
1022 3517 1124 3596 or'avt,
1147 3527 1255 3599 Petre,

128 3643 145 3684 ι,
214 3619 254 3693 {¹¹¹
283 3627 352 3668 non
380 3604 507 3670 deficiat
534 3606 617 3670 fides
646 3623 710 3668 tua.
754 3607 801 3672 V.
831 3607 915 3668 feria
937 3605 1091 3668 dominus
1109 3629 1200 3691 ,papa
1221 3609 1254 3670 in

180 3721 182 3726 ·
215 3691 357 3758 oonsilio
377 3711 446 3753 non
468 3691 560 3768 sedit,
585 3691 692 3757 multis
715 3705 748 3754 et
770 3691 914 3754 maxime
936 3691 1019 3774 regis
1038 3694 1179 3776 negotiis
1197 3714 1254 3774 per

216 3778 390 3840 dominum
418 3774 686 3850 cluniacensem,
706 3777 873 3841 ioannem
904 3777 1110 3858 cajetanum,
1137 3796 1172 3842 et
1197 3775 1253 3842 Pe·

214 3878 299 3926 trum
311 3861 448 3934 Leonis,
469 3876 502 3924 et
519 3864 720 3944 praefectum
742 3861 840 3936 urbis,
862 3863 1056 3942 ceterosque
1078 3863 1165 3926 illius
1188 3883 1250 3946 par·

215 3950 254 4011 rie
277 3951 420 4012 fautores
442 3946 627 4025 impeditus.
661 3949 758 4010 Sexta
779 3947 860 4012 feria
880 3949 1078 4030 apostolicus
1100 3949 1142 4015 in'
1157 3969 1248 4032 gene·

212 4034 316 4104 salem
343 4033 505 4120 omnium,
524 4031 734 4102 ecelesiarum
762 4053 893 4122 causam
921 4033 1075 4106 animum,
1104 4035 1246 4128 advertit,

330 4137 334 4144 “
1218 4131 1247 4182 et
1323 4125 1324 4168 ἶ

1221 4187 1227 4224 l
