2688 4754
761 279 1200 472 'iulii=

72 539 154 621 trade,
175 534 269 610 vade,
290 531 431 608 femina,
454 530 580 598 dimitte
601 551 657 598 me
676 527 712 596 in
732 519 824 616 pace.
855 521 1000 614 'Posten
1021 537 1095 610 mis·
1149 525 1155 534 ’
1195 511 1209 594 s
1297 515 1312 538 ⁹

72 633 106 693 sis
127 613 353 714 apparitoribus
376 616 579 718 suis,·fiiium
602 617 722 680 viduae
746 619 971 701 apprehendit,
990 640 1028 688 et
1046 625 1115 706 ju..

72 712 190 784 dicibus,
211 723 247 768 ut
269 719 348 772 euni
368 710 465 770 rr'rortt
482 707 689 782 damnarent,
710 706 886 786 praecepit.
934 708 1003 796 ‚Qui
1025 731 1095 776 uno

70 819 117 860 ore
132 793 384 874 responderuutr
407 809 443 856 se
464 788 598 860 ulterius
620 809 690 850 non
712 809 808 870 posse
830 791 925 858 illum
943 795 1097 862 condem.
1192 783 1199 794 “

71 902 152 955 nare,
181 877 238 956 qui
261 875 479 956 adjudicium
502 894 606 960 papae
629 874 847 956 confugisset,
869 889 909 963 'et'
925 879 1098 958 poeniten.

71 957 141 1030 tiam¹
155 961 344 1032 etferrilium
360 961 459 1042 utrius
474 957 607 1026 ‘anniab
623 958 694 1038 ipso
712 979 796 1042 papa
812 955 1008 1039 injunctum,
1026 965 1096 1044 jam

70 1037 270 1131 implevissetss
324 1044 385 1108 Ad
409 1034 494 1110 haec
522 1044 681 1126 gloriosus
709 1043 958 1112 Hildebrandus
982 1048 1096 1128 judici.

71 1134 251 1208 busiratus,
270 1130 436 1215 praecepit
458 1127 602 1214 abscindi
624 1127 745 1208 pedem
766 1126 834 1191 filio
856 1129 988 1207 viduae,
1007 1150 1095 1220 quae

69 1221 170 1282 frustra
191 1217 279 1298 a'pud
301 1215 569 1286 Hildebrandum
592 1211 831 1301 erristimaverat
858 1215 1096 1294 poenitentiam
1131 1253 1135 1266 ι

69 1321 98 1368 et
116 1298 257 1389 leges'et
277 1299 348 1374 jura
370 1300 491 1380 valere.
531 1299 575 1360 Et
595 1300 683 1380 pede
706 1312 880 1388 truncatus,
902 1301 1017 1368 dolore
1036 1304 1094 1368 illo

71 1406 133 1474 post
154 1387 466 1454 triduirm'mortuus
487 1397 547 1448 est.
593 1431 618 1469 ,¹
958 1425 960 1436 .
1015 1428 1021 1438 .

146 1473 249 1536 Multa
278 1469 411 1552 quidem
441 1467 503 1531 alia
530 1466 609 1532 facit
634 1463 900 1544 Hildebrandus,
930 1469 966 1548 in
993 1491 1096 1554 quem
1161 1523 1187 1547 ,.

71 1559 172 1641 clamat
192 1555 324 1639 sanguis
346 1553 522 1628 ecclesiae,
544 1551 662 1637 gladio,
683 1553 794 1635 lingua
816 1553 897 1641 ejus,
921 1557 1097 1625 miserabili

71 1642 241 1728 proditione
263 1641 412 1716 effusus,
441 1653 575 1722 propter
603 1657 689 1724 quae
720 1660 737 1698 a
760 1639 996 1708 communione
1024 1646 1096 1726 ejus
1157 1667 1176 1686 ν

70 1727 228 1810 justissime
269 1723 408 1790 ecclesia
445 1723 594 1798 recessit,
637 1722 728 1784 'sicut
766 1723 915 1788 fecerunt
955 1730 1107 1810 majores·

72 1812 160 1876 nostri
180 1811 383 1895 temporibus
407 1823 623 1890 apostatarum
644 1803 768 1893 Liberii
791 1824 824 1871 et
846 1808 1021 1880 Anastaiii.
1039 1839 1063 1894 ,¹
1093 1811 1098 1828 '

120 1940 122 1958 .
144 1898 188 1972 Ut
207 1890 343 1964 Liberii
356 1896 477 1963 festum
500 1895 731 1964 celebraretur,
760 1893 866 1972 jussit.
910 1898 988 1960 Hoc
1008 1921 1099 1980 prae.

71 1997 154 2064 cepto
177 1981 249 2062 ejus
271 1979 426 2043 haeresin
443 1977 601 2052 firmavit,
624 1975 681 2058 qui
704 1998 746 2040 ex
766 1977 984 2050 laudabilibus
1005 1985 1099 2054 meri·
1205 2059 1212 2072 ι
1282 2005 1288 2016 ·

72 2068 107 2130 tis
126 2064 451 2134 damnabiles'exitus
474 2061 627 2126 habuit.·
1011 2133 1015 2137 .
1075 2117 1080 2120 ,
1162 2121 1166 2133 ,

145 2152 209 2214 Die
232 2151 379 2230 quodam
401 2168 476 2227 curn
500 2149 542 2212 de
565 2145 698 2212 Albano
717 2149 860 2210 Romam
884 2150 1023 2230 veniret,
1045 2157 1100 2218 ob.

72 2237 136 2299 litus
157 2253 204 2300 est
224 2240 340 2300 secum
361 2235 447 2301 ferre
467 2231 660 2296 familiarem
683 2233 743 2294 sibi
763 2234 880 2312 librum
902 2239 1101 2306 Necroman.

74 2311 272 2401 deseritis,
318 2321 389 2386 sine
428 2340 496 2400 quo
529 2337 692 2398 nusquam
726 2333 783 2382 aut
813 2339 883 2382 raro
916 2319 1099 2389 incedebat.
1156 2349 1157 2352 ¹
1238 2317 1242 2322 ’

74 2407 163 2492 Quod
184 2427 261 2468 cum
282 2405 316 2469 in
339 2405 454 2468 itinere
477 2401 508 2468 ei
531 2404 572 2465 ad
594 2400 787 2468 memoriam
809 2403 972 2479 rediisset,
999 2408 1109 2488 inim

74 2491 158 2554 troitu
185 2505 299 2574 portae
328 2488 558 2566 Lateranensis
585 2487 776 2553 festinanter
798 2489 930 2552 vocavit
950 2492 1034 2554 duos
1058 2495 1101 2560 de
1128 2513 1137 2526 t

73 2575 271 2646 familiaribus
300 2569 377 2654 suis,
406 2590 550 2644 assuetos
573 2588 613 2636 et
633 2574 717 2636 fidos
746 2573 908 2652 ministros
941 2577 1104 2642 scelerum
1172 2595 1175 2602 ’

75 2679 213 2736 suorum,
242 2673 277 2725 et
304 2677 341 2722 ut
367 2662 513 2726 eundem
540 2657 659 2722 librum
683 2655 835 2726 citissime
857 2660 917 2721 sibi
939 2660 1135 2754 afferrent,‘

74 2743 242 2829 praecepit,
266 2761 299 2811 et
320 2745 503 2829 terribiliter
524 2744 751 2806 interminatus
774 2759 838 2818 est,
860 2765 904 2809 ne
926 2746 1044 2809 librum
1061 2749 1103 2828 'in
1138 2755 1145 2762 “
1171 2791 1174 2798 ·

75 2831 121 2892 via
138 2833 267 2914 aperire
289 2845 553 2912 praesumerent,
586 2849 649 2892 nec
678 2827 746 2906 ulla
773 2829 956 2896 curiositate
979 2835 1103 2900 secreta

74 2913 138 2977 libri
157 2915 401 3013 investigarent.
446 2917 509 2978 Sed
524 2908 655 2994 ‚quant'o
679 2913 817 2992 amplius
839 2914 989 2994 inhibuit,
1010 2929 1102 2982 'tanto

77 3001 298 3065 vehementius
327 3021 440 3066 eorum
470 2999 687 3062 curiositatem
710 3000 749 3058 ad
772 2997 998 3082 investiganda
1021 3005 1104 3082 ejus·
1149 3038 1174 3058 =.
1205 3007 1226 3080 j
1311 3027 1312 3034 ¹

77 3085 144 3147 dem
165 3086 235 3153 libri
261 3081 374 3152 arcina
397 3085 553 3150 accendit.
584 3079 691 3165 Igitur
709 3084 842 3151 dumin
859 3085 966 3148 reditu
982 3089 1103 3160 librum
1128 3099 1132 3106 ’

77 3187 280 3246 reserassent,
299 3187 346 3259 ¹et
368 3169 547 3234 diabolicae
575 3169 647 3232 artis
676 3185 848 3252 praecepta
870 3171 998 3235 curiose
1021 3175 1106 3256 lege·

51 3328 55 3335 ¹
77 3254 151 3333 ient,
173 3256 282 3318 subito
303 3257 467 3322 affuerunt
487 3257 593 3336 angeli
618 3257 769 3326 Satanae,
800 3259 1107 3333 quorummultitu·

79 3339 148 3418 dine
170 3355 203 3404 et
223 3341 370 3414 horrore,
398 3345 466 3404 duo
497 3339 543 3401 illi
568 3337 711 3420 juvenes
740 3335 844 3420 prope
867 3341 975 3404 effecti
996 3360 1141 3408 amem·
1212 3363 1214 3368 ·
1287 3426 1290 3434 ,

79 3435 136 3498 tes,
166 3423 224 3488 uix
254 3427 294 3492 ad
323 3447 359 3490 se
387 3426 510 3490 reversi
539 3439 623 3496 sunt.
666 3425 710 3486 Et
737 3428 791 3498 (ut
819 3425 881 3508 ipsi
908 3430 1107 3512 retulerunt)

80 3510 201 3591 maligni
230 3504 358 3590 spiritus
381 3511 563 3584 instabant,
593 3509 765 3572 dicentem.
787 3511 827 3570 ad
858 3513 939 3594 quid
966 3533 1028 3576 nos
1052 3511 1114 3576 tro·¹
1159 3541 1180 3582 μ
1268 3554 1272 3561 -

80 3593 183 3658 castis?
204 3615 307 3674 quare
328 3595 504 3678 fatigastis?
527 3595 590 3656 cito
613 3594 799 3676 praecipite,
823 3597 913 3676 quod
931 3618 992 3660 nos
1011 3594 1115 3682 agere
1192 3641 1199 3665 -,

80 3679 184 3752 vultis3
212 3679 362 3762 alioquin
388 3683 594 3763 insurgemus
622 3679 657 3742 in
685 3677 1110 3754 vos,.sinosdiuti1iste·

80 3765 215 3828 nueritis.
263 3767 321 3829 Ad
350 3768 414 3829 hoc
442 3767 522 3828 alter
546 3766 730 3844 juvenumr
760 3763 965 3842 festinanter,
992 3767 1109 3846 inquit,

70 3864 185 3926 ¹muros
202 3843 297 3924 'illos-
316 3852 456 3932 dejicite.
498 3851 542 3913 Et
567 3849 650 3913 haec
678 3849 807 3925 dicens,
831 3871 939 3914 ,manu
968 3851 1111 3918 ostendit

82 3948 184 3998 muros
207 3935 290 4006 altos
311 3936 439 4002 vicinos
461 3938 603 4012 Romae,
625 3935 710 4084 <pios
731 3934 773 3998 in'
787 3932 958 4006 momento
975 3935 1111 4034 maligni
1144 3965 1151 3980 „

104 4043 109 4053 ¹
823 4075 844 4108 ·.
983 4040 1112 4106 spurtus
