2688 4754
998 393 1002 398 “
1049 390 1104 476 tr
1310 418 1327 478 ἡ

10 503 14 512 ¹
57 603 60 608 .
101 553 443 712 (ιειιῑῖῐιέῐιιιιι,
477 502 544 639 ihr
570 495 869 624 Gottesdienst
894 553 1099 628 undilrrs
1175 505 1182 526 ι
1327 557 1328 568 ’

173 668 184 708 ι
229 665 249 712 e
802 698 805 706 ι

143 816 192 880 Α.
235 809 375 884 Interim
404 805 527 878 Caesar
554 773 746 882 Romanum
772 810 819 878 cic
845 817 979 898 regebat
997 815 1101 902 impe·
1155 809 1159 818 ’

55 901 162 976 rium,
194 915 231 964 ut
250 903 342 980 quod
371 913 496 979 patrem
525 917 622 962 suum
645 899 735 980 prius
756 897 964 984 respiciebat,
989 923 1100 972 omne

56 987 240 1062 detineret,
274 1001 308 1048 et
329 981 495 1050 Saracenis
520 1001 581 1052 cua
599 981 890 1066 impugnantibus
897 985 1034 1056 viriliter
1053 1007 1102 1054 re-

54 1071 204 1147 sisteret,
237 1083 272 1134 ιι
298 1091 326 1138 ιι
343 1069 463 1132 finibus
491 1069 559 1132 suis
587 1069 688 1149 longe
714 1069 775 1132 hos
798 1061 968 1151 effugaret.
1013 1073 1102 1138 Cela
1141 1113 1148 1128 .

55 1158 164 1220 briam
193 1176 213 1217 a
239 1157 351 1220 crebra
372 1151 609 1220 Graecorum'
600 1152 785 1218 rucursione
814 1169 848 1218 et
867 1157 1128 1258 Saracenorum,

57 1237 318 1322 depraedatione
339 1257 492 1320 magnam
514 1237 583 1302 vim
604 1237 732 1320 perpeti
749 1240 869 1304 Caesar
884 1242 1103 1324 comperiens,

57 1329 100 1390 ad
125 1324 393 1424 supplementum
422 1322 583 1389 exercitus
610 1322 661 1384 sui
684 1325 866 1390 Bevuarios
887 1345 925 1388 ac
945 1327 1075 1394 fortes'
1066 1347 1104 1392 ιιι
1195 1397 1198 1406 ,

58 1409 159 1474 armis
182 1410 402 1474 Allemannos
427 1407 579 1472 vocavit.
628 1407 709 1488 Ipse
738 1423 848 1472 autern
877 1431 952 1476 curn
974 1414 1103 1480 Ottone

57 1498 185 1568 duce,
176 1494 288 1558 fratris
309 1493 377 1556 filio
400 1491 558 1568 Luidulfi,
579 1491 622 1560 ed
641 1495 759 1560 urbem
780 1495 980 1572 Tarentum,
1002 1514 1104 1580 quatu

58 1581 174 1646 Danai
200 1579 266 1676 jorn
296 1568 457 1658 praesidio
487 1563 646 1638 munitam
671 1571 894 1656 obtinuerant,
926 1582 1105 1662 festinavit,
1170 1617 1178 1624 ·

58 1685 205 1750 caroque
229 1660 390 1726 viriliter'
382 1682 417 1724 ιιι
438 1681 541 1760 parvo
563 1675 714 1760 tempore
732 1669 953 1746 oppugnatam
972 1667 1106 1738 devicit.
1218 1740 1221 1745 ,

58 1753 240 1816 Saracenos
267 1766 404 1827 quoque
429 1741 543 1810 ualido
572 1747 717 1812 exercitu
745 1765 804 1810 sua
831 1755 1028 1850 populantes
1057 1771 1109 1820 su·

58 1847 179 1920 perere
199 1830 421 1905 contendens,
452 1842 563 1900 cautos
592 1831 650 1892 illo
673 1835 892 1914 speculatores
915 1836 1017 1911 misit,
1048 1837 1110 1920 qtti

60 1935 150 1986 certa
178 1919 221 1983 de
247 1914 396 1982 hostibus
426 1915 594 1994 referrent.
639 1915 734 2013 Quos
755 1937 863 1998 primo
885 1917 967 1984 infra
990 1925 1111 1988 urbem
1215 1955 1217 1963 ι

61 2003 231 2087 quandam
249 2002 386 2064 clausos
414 1987 580 2081 effugavit
601 1999 767 2074 devictos,
797 2017 939 2088 postque
968 2007 1123 2074 eosdem*

60 2091 96 2154 in
124 2109 245 2186 campo
278 2083 449 2163 ordinatos
477 2083 601 2148 fortiter
628 2083 771 2148 adiens
762 2097 971 2152 innumeram
992 2109 1036 2158 err
1056 2091 1109 2158 his

61 2173 312 2242 multitudinem
334 2169 474 2270 stravit²
495 2166 692 2250 prorsusque
715 2168 777 2234 hoc
798 2170 942 2252 speravit
962 2193 1036 2239 esse
1058 2193 1111 2238 cu·

61 2275 207 2342 peratos
259 2255 325 2324 Sed
346 2255 382 2317 hi
403 2273 445 2318 ex
466 2251 647 2336 improviso
668 2254 797 2318 collecti
819 2257 859 2320 ad
881 2271 1110 2324 nostrosuna·
1121 2249 1131 2278 '
1201 2303 1204 2310 .

60 2344 199 2408 nimiter
221 2354 378 2424 pergunt,
414 2353 446 2408 et
475 2341 661 2420 paululum
675 2339 862 2408 resistentes
890 2341 1109 2422 prosternunt,
1160 2360 1162 2364 ’
1230 2375 1232 2383 ·

30 2441 35 2456 ’
63 2430 151 2512 proh
181 2428 302 2490 dolorl
327 2421 510 2490 111.tdus
536 2423 616 2488 Julii
646 2419 831 2488 Richariunr
859 2424 1051 2490 lanciferum
1075 2445 1111 2494 cr

62 2515 228 2577 Udonem
249 2513 386 2585 ducem,
414 2507 523 2574 matris
545 2529 639 2574 meae
661 2511 881 2586 avunculum,
901 2512 1110 2594 comiterque

62 2597 313 2672 Tirietrnarum,
355 2591 569 2668 Becelinum,
613 2595 867 2670 Geveltardum,
911 2597 1109 2677 Gunterum,

63 2681 255 2756 Eoelinum,
276 2681 415 2763 ejusque
436 2678 566 2746 fratrent
589 2679 799 2752 Becelinunt,
822 2699 898 2742 cum
919 2680 1113 2756 Burchardo

64 2785 100 2838 et
122 2766 217 2830 Dedi
238 2787 274 2828 ac
296 2765 460 2839 Conrado,
482 2764 682 2844 caeterisque
704 2762 940 2842 ineffabilibus,
967 2787 1113 2848 quorum

65 2853 221 2920 nomina
240 2853 336 2922 Deus
371 2849 458 2916 sciat.
516 2851 702 2932 Imperator
733 2864 843 2918 autem
876 2872 950 2916 cum
984 2853 1113 2919 Ottone
1157 2877 1160 2892 ·

64 2939 217 3022 praefato
243 2935 445 3016 caeterisque
473 2935 635 3016 effugiens
664 2935 706 2998 ad
727 2955 817 3000 mare
840 2937 950 3017 venit,
981 2937 1115 3004 videns·
1174 2974 1177 2988 .

66 3039 135 3104 que
155 3045 174 3085 a
191 3024 291 3118 longe
307 3042 440 3095 navem,
458 3019 656 3086 Salandrians
672 3019 820 3095 nornine,
841 3016 1045 3088 Calonimi'
1022 3043 1112 3122 equo

67 3109 193 3174 iudaei
214 3101 263 3170 'ati
291 3127 365 3172 eam
394 3111 625 3188 properavit„
639 3106 705 3171 Sed
732 3127 772 3174 ea
794 3107 991 3187 praeteriens
1012 3089 1114 3176 susci

67 3215 152 3276 pere
175 3195 264 3258 hune
284 3192 457 3258 recusavit.
501 3191 565 3260 Ille
595 3205 705 3258 autem
732 3189 845 3254 littoris
873 3191 1034 3291 praesidia
1060 3213 1115 3293 pe
1216 3260 1221 3271 ,

69 3295 145 3346 tens
174 3277 303 3342 invenit
330 3277 438 3340 adhuc
456 3277 623 3346 Judaeum
650 3291 806 3351 stantem,
838 3277 1042 3362 seniorisque
1062 3276 1117 3342 di·

70 3363 149 3428 lecti
177 3378 336 3428 eventurn
364 3361 501 3429 sollicite
530 3368 768 3444 expectentern.
819 3357 975 3444 Cumque
1002 3365 1115 3430 hostes

72 3451 253 3512 adventare
275 3447 488 3528 conspiceret,
509 3447 589 3527 quid
606 3467 752 3545 unquam
774 3446 867 3512 fieret
888 3449 931 3516 de
953 3467 999 3524 se,
1022 3448 1116 3512 tristis

71 3533 194 3610 hunc
185 3547 387 3616 interrogans
410 3547 442 3596 et
463 3531 585 3599 habere
614 3551 650 3597 se
682 3533 821 3598 amicum
841 3531 934 3620 apud
955 3553 1032 3608 eos,
1064 3554 1119 3598 cu·

69 3619 124 3702 jus
148 3619 307 3719 auxilium
330 3634 491 3700 speraret,
513 3617 794 3693 animadvertens,
814 3617 932 3682 iterum
954 3639 1044 3700 equo
1065 3639 1119 3682 co·

72 3704 156 3768 mite
176 3703 212 3766 in
234 3725 323 3768 mare
343 3701 534 3803 prosiliens,
563 3704 604 3765 ad
627 3702 776 3774 alteram,
801 3723 888 3782 quae
911 3707 1119 3784 sequabatur.

72 3789 181 3854 tendit
207 3787 424 3864 S'alandriam,
457 3792 491 3853 'et
519 3789 558 3850 ab
586 3789 738 3852 Henrico
767 3789 875 3850 solum
894 3787 1028 3888 milite,
1061 3787 1120 3869 qui

13 3949 14 3956 ἵ
73 3873 274 3940 Szlavonice
294 3877 437 3939 zolunta
459 3889 603 3946 vocatur,
603 3872 752 3974 agnitus
773 3869 1005 3951 intromittitur,
1029 3889 1064 3939 et
1084 3871 1121 3934 in

14 4043 15 4058 χ
73 3960 164 4024 lecto
191 3959 327 4024 senioris
356 3959 508 4042 ejusdem
534 3957 629 4024 navis
657 3956 800 4108 positus,
830 3954 965 4026 tandeni
985 3958 1122 4057 abipso

754 4095 761 4106 .
1020 4058 1121 4180 etum
