2682 4756
654 501 657 507 ·
684 490 695 517 d

682 533 687 546 ι

245 559 405 688 consilio,
415 597 490 694 selo
508 607 576 676 Dei
598 595 771 686 animatus,
793 609 1145 676 excommunicationis
1160 629 1285 680 senten

68 759 73 766 ,
113 744 131 766 ,ι
246 697 327 760 tiam
349 695 495 778 dictavit,
513 709 547 760 et
567 695 739 767 eandem
730 717 766 758 ιιι
783 691 934 772 Graecia‘,
955 697 1119 780 Ungaria,
1138 699 1284 777 Saxonia,
1328 703 1329 802 3

167 814 169 816 ·
245 779 471 866 lotharingia,
492 768 658 845 Francia
649 801 685 846 tn
707 771 754 846 V.
778 781 933 856 conciliis,
955 783 1093 856 consilio
1115 785 1286 866 praedicta-
1328 793 1329 888 3

246 887 319 934 rum
345 866 556 932 ecclesiarum
577 867 772 936 renovando
794 862 1017 940 ιοιιιιιιιιιιιιι
1053 889 1145 932 orare
1177 889 1215 934 se
1240 871 1329 935 de

246 949 357 1028 nium,
388 967 424 1030 ιιι
446 950 529 1016 sicut
555 952 709 1015 dominus
731 971 815 1034 papa
836 951 1036 1039 legationem
1059 973 1153 1016 suam
1176 955 1286 1018 confir
1328 959 1329 1040 3

172 1036 214 1115 'y
246 1051 382 1114 massot,
414 1037 460 1101 ita
488 1037 667 1122 praesentis
697 1035 825 1100 concilii
853 1054 960 1118 patres
991 1051 1024 1102 et
1047 1038 1193 1122 episcopi
1215 1059 1287 1102 con
1328 1037 1329 1142 3

182 1179 184 1183 ,
215 1185 217 1188 ,
246 1124 388 1187 corditer
414 1137 608 1186 mouerent.
664 1121 725 1186 Ad
754 1123 901 1186 eundem
929 1124 1069 1184 modum
1098 1122 1225 1188 litterae
1256 1141 1286 1190 et
1328 1127 1329 1216 3

139 1249 142 1254 2
213 1244 215 1249 .
245 1205 345 1300 legati
374 1206 501 1270 domini
521 1207 726 1273 Viennensis
743 1207 924 1288 postulant.
967 1210 1062 1271 Dum
1084 1207 1139 1276 tali
1160 1209 1286 1275 ratione

245 1308 282 1358 et
302 1292 431 1372 ordine,
451 1307 517 1353 tam
539 1291 649 1358 variae
670 1307 704 1356 et
725 1293 876 1356 dissonae
898 1291 1113 1356 multitudinis
1137 1303 1285 1358 assensus

158 1403 167 1419 ι
245 1377 435 1458 exquiritur,
458 1398 477 1440 a
497 1378 619 1441 saniori
640 1394 730 1476 parte
751 1377 879 1440 veritati
901 1393 936 1442 et
937 1383 1086 1474 apertae
1103 1377 1224 1470 ιιιιοιιι
1243 1380 1285 1442 nil

246 1463 494 1562 cpntradictum,
516 1485 535 1524 a
556 1465 668 1548 paucis
690 1437 990 1526 submurmuratum
1013 1477 1080 1542 est,
1101 1447 1143 1529 ab
1163 1457 1286 1550 episco-

245 1545 296 1632 pis
318 1561 352 1612 et
373 1549 542 1611 abbatibus
563 1549 659 1611 nullo
679 1549 781 1610 modo
804 1548 1013 1661 declaratum.

76 1784 78 1788 ,
331 1718 372 1788 Ο.
408 1715 551 1782 Facto
542 1716 640 1815 igitur
659 1694 838 1781 ιιιιιιειειιι
866 1733 1036 1783 conventu
1059 1721 1148 1804 apud
1169 1724 1285 1786 urbem

170 1852 174 1858 -
245 1787 494 1886 wangionum,
524 1801 607 1867 sicut
625 1803 805 1886 longum,
796 1818 839 1865 ιιι
861 1817 894 1866 ει
915 1804 1122 1869 incredibile
1127 1822 1284 1872 memora-

113 1895 116 1902 ’
196 1911 205 1932 ι
247 1903 318 1952 tum
340 1903 409 1964 est,
437 1909 536 1968 quam
558 1888 722 1970 prudenti,
744 1909 843 1970 quam
866 1888 1012 1967 instanti,
1037 1911 1204 1972 quamque
1226 1913 1284 1974 per

246 1972 360 2036 omnia
382 1973 522 2049 sollicito
545 1985 737 2035 cunctorum
756 1993 930 2072 procerum
953 1974 1101 2051 consilio,
1121 1993 1182 2058 pro
1203 1997 1286 2058 pace

229 2071 282 2122 et
304 2057 492 2202 concordt'pa,
517 2077 577 2156 per
597 2077 700 2118 unam
729 2052 786 2122 vel
812 2057 951 2142 amplius
979 2059 1198 2124 ebdomadam
1221 2083 1284 2126 cet

207 2207 210 2218 ,
246 2157 348 2204 tatum
370 2141 420 2215 sit,
464 2140 646 2224 metipso,
668 2141 704 2206 ιιι
725 2143 832 2240 cujus
839 2163 940 2204 manu
963 2163 1019 2205 cor
1035 2145 1119 2244 regis
1138 2160 1196 2222 est,
1218 2167 1283 2208 om-

246 2247 325 2290 nem
358 2227 594 2291 animositatem
623 2223 831 2328 imperatoris
865 2229 926 2288 sub
965 2229 1176 2310 apostolicam
1209 2233 1281 2295 obe

153 2365 158 2375 .
245 2309 403 2376 dientiam
425 2331 522 2374 causa
544 2312 652 2374 matris
675 2311 849 2388 ecclesiae,
877 2312 975 2376 etiam
998 2315 1081 2378 ultra
1102 2333 1197 2396 spem
1217 2317 1283 2414 plu

153 2401 156 2408 '
244 2396 405 2459 rimorum
433 2395 574 2472 inflexit3
609 2418 763 2479 moxque
786 2399 825 2459 ab
855 2397 1032 2480 apostolica
1056 2399 1145 2462 sedis
1167 2399 1285 2482 apocri

168 2481 201 2534 Υ
245 2481 348 2546 siariis
369 2481 404 2544 in
426 2480 697 2546 communionem
724 2496 874 2563 receptus
908 2497 975 2546 tam
1001 2483 1084 2582 ipse
1098 2483 1281 2567 imperator,

245 2583 347 2648 quarn
368 2565 542 2631 universus
564 2567 626 2630 sibi
646 2566 810 2650 subjectus
827 2557 997 2646 exercitus,
1018 2567 1122 2634 immo
1140 2567 1282 2653 generali

164 2681 168 2694 ι
220 2651 452 2737 ,absolutione
475 2651 601 2715 cunctis
621 2652 686 2715 hoc
707 2653 878 2716 schismate
901 2653 1046 2736 pollutis,
1068 2673 1131 2736 per
1151 2655 1280 2720 auctori

243 2753 345 2802 tatem
368 2737 580 2819 apostolicam
607 2737 706 2813 facta,
740 2737 877 2818 qualiter
899 2739 1163 2804 ecclesiasticas
1154 2737 1279 2806 mvesti-

170 2869 172 2874 -
244 2829 342 2900 iuras,
375 2837 567 2902 caeteraque
591 2819 764 2905 spiritualia
784 2823 941 2922 negotia,
966 2825 1059 2908 quae¹
1085 2839 1176 2888 tanto
1208 2837 1280 2889 tem«

135 2951 138 2954 -
243 2915 325 2992 pore
355 2926 457 3004 reges
464 2907 647 2971 Teutonici
675 2903 993 2986 administraverant,
1021 2927 1175 2992 quaeque
1204 2911 1280 2991 ipse,

156 3029 160 3037 ·
242 3015 289 3060 ue
316 2993 408 3077 regni
437 2979 687 3058 imminueretur
715 2994 839 3066 honor,
874 3013 1045 3080 nunquam
1072 2995 1143 3060 vita
1164 2995 1278 3062 comite
1326 3059 1327 3064 ,

214 3093 217 3099 ’
243 3101 281 3144 se
311 3079 520 3142 dimissurum
539 3089 772 3178 proposuerat.
821 3079 1023 3144 Humiliatus
1051 3101 1120 3180 pro·
1146 3079 1279 3166 Christo,

243 3187 366 3228 coram
384 3161 593 3227 multitudine
621 3164 764 3226 maxima
792 3165 1020 3248 abnegaverit,
1046 3164 1120 3230 ,ει
1109 3184 1147 3228 ιιι
1168 3186 1279 3228 manus

158 3243 169 3258 ⁸
242 3249 390 3334 episcopi
412 3241 573 3314 Ostiensis
603 3269 639 3310 ac
667 3269 726 3332 per
753 3248 862 3330 ipsum
892 3249 1045 3316 Domino
1067 3265 1183 3330 nostro
1205 3253 1279 3314 Jesu

244 3335 391 3432 Christo,
413 3351 560 3413 suaeque
582 3333 838 3415 inperpetuum
859 3333 914 3414 jus
937 3333 1095 3399 ecclesiae
1118 3325 1280 3410 dimiserit,

242 3422 439 3518 rursumque
461 3419 578 3498 qualia
592 3417 652 3480 sibi
672 3422 716 3480 cb
738 3419 899 3482 honorem
919 3419 1013 3502 regni
1030 3421 1281 3495 observandum,

243 3503 415 3566 auctoritas
438 3503 614 3584 apostolica
636 3501 851 3594 concesserit,
873 3504 1176 3602 utriusquepartis
1199 3503 1281 3569 meli·

153 3607 156 3659 p
242 3607 283 3652 us
305 3589 494 3654 edocebunt
515 3591 626 3652 subter
641 3583 801 3652 annotata
822 3588 949 3670 scripta

327 3671 406 3754 Ego
431 3673 598 3748 Henricus
626 3669 694 3736 Dei
716 3673 824 3756 gratia,
855 3673 1120 3738 Romanorum
1109 3689 1283 3758 imperator

133 3803 139 3810 -
160 3819 162 3824 Α
212 3791 223 3809 ι
241 3772 277 3822 ει
298 3771 464 3840 augustus,
488 3779 547 3839 pro
569 3777 680 3822 amore
698 3759 766 3822 Dei
789 3773 822 3822 et
841 3761 972 3824 sanctae
990 3764 1163 3824 Romanas
1187 3761 1283 3828 eccle·

172 3850 177 3858 “
209 3841 310 3926 „stae
340 3855 374 3908 et
403 3841 530 3904 domini
557 3863 664 3924 papae
686 3843 813 3924 Calixti,
843 3850 877 3906 ει
884 3865 984 3944 pro
985 3845 1134 3909 remedio
1158 3846 1294 3920 animae,

240 3935 356 4003 mea'e,
395 3923 523 3990 dimitto
545 3928 623 3990 Dec
654 3943 688 3990 et
715 3930 833 4008 sanctis
850 3931 933 4011 ejus
956 3917 1109 4013 apostolis
1131 3931 1233 3994 Petro
1254 3943 1284 3992 ει

72 4017 83 4023 ”
117 4083 127 4094 x
176 4045 188 4058 0
239 4007 361 4092 Paulo,
386 4025 584 4094 sanctaeque
606 4003 785 4084 catholicae
807 4015 976 4118 ecclesiae,
998 4015 1140 4084 omnem
1153 4012 1283 4083 investi·

1182 4115 1282 4164 turam
