2628 4748
226 417 300 498 29²
830 489 836 522 ἱ

224 603 299 646 sare
322 576 421 646 debet
442 561 596 644 incuria
628 586 681 631 -'
708 569 823 644 Nemo
849 572 995 660 aliquam
1009 559 1186 644 mulierem
1203 577 1244 646 lu·

187 675 192 685 “
228 667 360 732 bertin
382 661 541 750 hospitio:
564 663 621 746 qui
642 685 724 728 vero
746 663 869 730 habere
890 665 1156 746 praesumpserit,
1176 667 1245 726 aui·

129 801 135 809 .
229 746 319 818 retur
341 751 372 815 ei
395 773 495 816 omne
517 769 615 816 suum
637 747 815 834 lrarn'asch,
838 747 1187 818 et'excommun'icatus
1205 752 1246 813 ha·

129 833 132 840 ’
228 837 374 912 bebitur,
411 853 444 901 et
464 836 594 898 mulieri
620 835 719 898 nasus
746 834 964 898 abscindetur.
996 869 1039 882 -
1072 837 1180 898 Nemo
1203 837 1246 897 im·

227 923 388 1008 pugnabit
410 937 564 999 castrum,
589 923 680 1000 quod
703 941 721 982 a
741 921 832 982 curia
854 919 1084 984 defensionem
1106 922 1246 984 babet.-

169 1049 174 1070 .
228 1009 263 1073 Si
290 1010 406 1074 servus
434 1008 558 1068 lurtum
585 1005 715 1080 fecerit,
751 1021 783 1070 et
803 1006 840 1068 in
859 1006 948 1067 furto
968 1005 1068 1100 fqerit
1089 1007 1247 1087 deprehen-

121 1145 122 1151 ,
229 1097 301 1168 sus,
320 1092 350 1154 si
370 1093 458 1174 prius
480 1093 533 1153 fur
552 1111 623 1154 non
644 1104 727 1165 erat,
751 1109 821 1154 uon
847 1090 1176 1172 ideolsuspendetur,
1201 1093 1247 1156 sed

131 1206 142 1244 ’,
228 1179 432 1252 tondebitur,
453 1175 697 1250 verberabitur,
717 1189 750 1238 et
770 1175 805 1237 in
828 1175 958 1237 maxilla
981 1175 1199 1251 comburetur,
1222 1189 1246 1242 et

229 1262 377 1345 ejicietur
405 1264 448 1328 de
470 1253 643 1337 exeriitu,
667 1261 730 1324 nisi
747 1261 906 1345 ,dominus
929 1261 1068 1322 redimat
1090 1281 1245 1324 eumcum

229 1348 322 1411 omni
342 1369 402 1419 suo
424 1345 594 1410 hamasch.
639 1347 671 1408 Si
693 1345 781 1427 prius
802 1347 955 1425 furerat,
983 1345 1204 1427 suspendetur.
1216 1377 1247 1402 -r

129 1509 131 1513 ¹
229 1434 263 1498 Si
292 1445 406 1497 servus
434 1432 560 1514 aliquis
579 1433 826 1514 culpatusnon
855 1432 890 1494 in
918 1433 1005 1494 furto
1033 1432 1131 1496 fuerit
1157 1435 1247 1514 depre·

228 1519 371 1594 heatus,
405 1519 557 1598 sequenti
579 1519 633 1581 die
649 1517 847 1598 expurgabit
868 1535 904 1596 se
923 1517 1049 1598 judicio
1071 1516 1161 1599 igniti
1180 1518 1247 1592 ferri,

229 1605 286 1668 vel
315 1605 468 1666 dominus
500 1603 724 1686 juramentum
750 1623 809 1684 pro
846 1623 888 1666 eo
924 1603 1126 1692 praestabit.x
1148 1601 1247 1689 'Actor

228 1711 312 1754 vero
338 1689 473 1772 jurabit,
500 1690 600 1768 'quod
628 1688 797 1755 aliamob
825 1707 960 1750 causam
983 1709 1053 1750 nou
1084 1688 1247 1770 interpellat

227 1785 309 1840 'eum
331 1777 373 1840 de
390 1778 492 1848 furto,
514 1773 576 1837 nisi
598 1775 689 1854 quod
711 1787 803 1856 putat
823 1773 1030 1854 culpabilem.
1059 1801 1106 1852 ¹—-
1142 1774 1246 1854 Siquis

227 1859 393 1924 invenerit
415 1878 538 1941 equum
562 1857 702 1940 alterius,
723 1879 793 1920 non
815 1860 965 1922 tondebit
986 1873 1074 1935 eum,
1096 1861 1247 1940 nesigno·

210 1959 300 2020 ¹tum
322 1947 427 2021 laciet,
450 1948 509 2008 sed
531 1943 617 2008 dicet
639 1946 825 2020 marscalco,
847 1962 880 2009 et
902 1943 1027 2008 tenebit
1047 1967 1117 2008 non
1139 1945 1247 2021 furtive,

227 2047 264 2094 et
290 2031 440 2112 imponet
467 2031 499 2094 ei
518 2049 611 2092 ‘onus
644 2049 752 2092 suum.
799 2031 901 2119 Quod
923 2031 949 2094 si
970 2031 1043 2110 ille,
1080 2035 1140 2113 qui
1162 2031 1248 2094 amisit

149 2124 154 2134 “
183 2131 185 2135 ’
228 2136 371 2198 equum,
397 2116 516 2179 'invia
537 2115 797 2198 deprehenderit
822 2133 1011 2192 oneratum,
1042 2141 1113 2180 non
1142 2118 1248 2202 dejiciet
1288 2133 1289 2136 ’

230 2222 315 2274 onus
338 2200 442 2280 illius,
465 2204 523 2266 sed
546 2221 689 2289 sequens
712 2203 754 2264 ad
775 2202 964 2284 hospitium,
987 2205 1125 2293 recipiet
1146 2225 1247 2285 equum

228 2307 337 2352 suum.
365 2323 408 2338 -ι-
437 2287 470 2351 Si
492 2287 565 2370 quis
587 2309 670 2350 vero
692 2287 815 2360 villam,
839 2291 895 2352 vel
918 2291 1055 2352 domum
1077 2290 1247 2371 incenderit,

175 2453 177 2456 Ι
226 2373 417 2438 tondebitur
445 2389 479 2437 et
505 2375 540 2436 in
568 2373 706 2439 maxillis
729 2372 956 2450 comburetur,
979 2391 1013 2440 et
1034 2377 1246 2440 verberabitur.

227 2461 335 2523 Faber
362 2481 440 2524 non·
458 2455 632 2544 comburet
659 2462 819 2522 carbones
847 2462 883 2522 in
911 2461 1006 2539 villa,
1037 2463 1115 2526 'sed
1132 2461 1247 2545 portabit

226 2543 317 2627 ligna
338 2547 380 2608 ad
400 2545 579 2626 hospitium
599 2565 708 2647 suum,
728 2561 764 2608 et
784 2545 829 2607 ibi
851 2547 1038 2633 comburet:
1071 2549 1164 2635 quod
1183 2547 1206 2610 si
1222 2547 1247 2607 in

117 2668 121 2688 .
219 2631 307 2694 villa
334 2631 469 2707 fecerit,
497 2629 700 2706 tondebitur,
733 2631 973 2707 verberabitur,
991 2646 1040 2716 'et
1067 2634 1103 2696 in
1132 2631 1246 2694 maxillis

158 2758 170 2787 2
201 2773 203 2776 .
228 2719 451 2780 comburetur.
473 2709 521 2799 ,κ’
544 2715 576 2796 Si
598 2715 670 2796 quis
693 2715 837 2796 aliquem
859 2717 1014 2794 laeserit,
1028 2710 1198 2804 imponens
1217 2716 1246 2792 ei,

228 2804 322 2882 quod
350 2821 465 2882 pacem
482 2804 562 2865 ‘non
581 2801 756 2882 juraverit,
785 2823 855 2864 non
877 2802 937 2864 erit
958 2823 1034 2867 reus
1054 2805 1246 2886 violataepa·

229 2887 291 2950 cis:
320 2887 382 2948 nisi
411 2888 466 2950 ille
500 2888 638 2968 probare
670 2887 773 2967 possit
805 2889 936 2951 duobus
964 2887 1093 2952 idoneis
1124 2889 1246 2959 testibus,

228 2973 320 3052 quod
342 2991 458 3054 pacem
477 2971 643 3054 juraverit.
672 3003 716 3020 --
743 2974 856 3034 Nemo
877 2972 1017 3054 recipiet
1039 2995 1185 3048 servum,
1204 2971 1247 3052 qui

156 3075 157 3081 ¹
227 3057 298 3120 sine
322 3054 458 3120 domino
481 3073 545 3120 est:
567 3058 657 3136 quod
676 3059 702 3120 si
719 3057 848 3134 fecerit,
863 3058 980 3120 reddet
1000 3059 1035 3120 in
1052 3061 1163 3141 duplo,
1180 3058 1246 3139 quic·

229 3138 311 3222 quid
340 3143 395 3206 ille
419 3142 593 3204 abstulerit.
621 3175 664 3189 -·-
700 3129 901 3230 Quicunque
930 3141 1066 3207 foveam
1093 3143 1247 3215 invenerit,
1288 3145 1289 3152 ’

155 3271 157 3276 «
226 3228 333 3292 libere
350 3231 476 3290 fruatur
497 3249 547 3292 ea.
589 3229 704 3316 ,Quod
728 3229 754 3290 si
775 3229 882 3291 ablata
903 3229 1001 3292 fuerit
1023 3229 1072 3304 ei,
1108 3225 1246 3292 non-red·

139 3343 142 3355 =
227 3313 284 3374 det
311 3317 435 3376 malum
463 3335 523 3394 pro
553 3315 659 3389 malo,
690 3328 761 3387 non
789 3314 962 3378 ulciscetur
990 3314 1141 3396 injuriam
1162 3333 1245 3384 suam,

214 3382 287 3461 aed
309 3407 529 3478 conqueretur
546 3399 720 3460 marscalco
738 3398 894 3478 justitiam
913 3405 1119 3484 acceptupus.
1137 3435 1176 3475 ε-
1195 3395 1245 3462 Sed

24 3483 32 3496 “
91 3561 96 3573 .
172 3531 180 3554 .
211 3482 255 3544 'si
276 3488 436 3548 mercator
456 3481 846 3558 Teutonicus-civitatem
875 3473 1062 3559 intraverit,
1097 3503 1130 3552 et
1151 3480 1246 3548 emerit

211 3586 422 3644 mercatum,
454 3585 486 3632 et
508 3567 690 3650 portaverit,
713 3570 754 3630 ad
774 3569 973 3646 exercitum,
1006 3585 1041 3634 et
1061 3571 1162 3634 carius
1184 3587 1245 3632 ven·

224 3653 343 3716 diderit
364 3655 399 3716 in
422 3654 580 3718 exercitu:
613 3653 807 3718 camerarius
831 3657 958 3737 auferet
979 3655 1010 3718 ei
1033 3677 1139 3719 omne.
1153 3650 1244 3716 forum

134 3813 136 3819 Α
222 3747 339 3812 suum,
363 3755 395 3801 et
416 3739 601 3803 verberabit
621 3751 717 3814 eum,
738 3755 772 3822 et
787 3729 959 3816 tondebit,
982 3757 1016 3804 et
1029 3745 1202 3802 comburet
1218 3737 1244 3798 in
1288 3813 1289 3818 η

220 3825 362 3888 maxilla.
381 3837 423 3874 --2-
444 3827 564 3886 Nullus
582 3823 787 3888 Teutonicus
808 3824 928 3888 habeat
949 3825 1075 3888 socium
1095 3826 1244 3894 Latinum,

221 3911 284 3973 nisi
313 3911 389 3973 sciat
418 3906 658 3974 Teutonicum:
691 3909 752 3972 sed
780 3909 806 3971 si
836 3909 1001 3986 habuerit,
1031 3913 1190 3976 auferetur
1212 3906 1243 3981 ei,

151 4007 169 4077 ᾖ
218 3991 378 4083 quicquid
389 3996 509 4064 babet.
529 4023 573 4062 ·,-
591 3994 627 4064 si
640 3987 752 4064 ‘miles
763 3993 1024 4084 militisconvitia
1045 3997 1176 4072 dixerit,
1193 4012 1243 4054 ne·

119 4119 124 4134 .
232 4115 234 4120 ,
352 4132 354 4150 ,
384 4137 387 4143 ,
431 4105 433 4111 s
619 4109 647 4135 ι,
1030 4092 1035 4099 “
1175 4095 1239 4165 gare
