2682 4756
270 567 493 645 Raimundus,
519 564 714 630 infirmando
736 563 824 628 urbis
846 563 939 630 statui
957 563 1172 646 insistentes,
1194 574 1305 640 turrim

268 658 443 754 quandam,
464 674 557 734 quae
567 668 638 722 etat
652 654 799 732 ipsorum
818 651 970 734 contigua
987 652 1105 730 castris,
1126 655 1216 720 factis
1239 666 1305 724 sub·

266 757 325 817 ter,
347 741 389 803 ad
410 738 482 823 ejus
500 739 715 802 fundamenta
731 739 920 820 enervanda
939 737 1109 813 cuniculis,
1131 743 1303 810 destituere

187 827 190 838 “
258 824 416 924 χιιιιιιειιι
434 840 520 889 sunt
563 822 792 890 Εοιιοιιιιιιι
784 822 900 904 igitur
894 817 942 884 ad
964 823 1046 886 baec
1069 825 1244 901 efficienda
1262 833 1302 894 lo

266 915 360 986 daus,
389 928 466 973 cum
488 908 687 981 arcibalistis,
706 924 744 974 et
765 910 920 982 arcubus,
942 922 974 970 et
997 893 1132 975 balearis
1155 917 1301 989 habenae

260 995 456 1070 tortoribus,
491 994 608 1076 pariter
637 992 886 1064 suffodientium
916 991 1111 1058 defensores
1130 999 1299 1066 adduntur.

265 1083 384 1161 Itaque
405 1079 576 1159 usquead
597 1080 658 1175 soli
681 1077 877 1144 subsidentis
900 1077 1118 1144 extremitates
1142 1103 1217 1160 arce
1238 1105 1299 1148 suc

120 1179 126 1190 “
220 1207 222 1211 ,
264 1170 349 1242 cisa,
377 1151 605 1236 nutabundum
627 1163 757 1226 interim
780 1163 935 1242 parietem
959 1163 1052 1246 tignis
1075 1155 1297 1249 asseribusque

191 1327 193 1332 ,
262 1266 457 1349 sustentant,
488 1267 523 1312 et
550 1248 679 1330 penitus
712 1247 849 1312 aedificii
882 1248 1010 1314 calce
998 1269 1066 1328 Jatn
1095 1253 1223 1327 diruto,
1255 1257 1297 1318 sic

261 1336 374 1418 ignem
404 1335 555 1416 subjectis
583 1334 725 1396 trabibus
754 1333 833 1396 inde
862 1332 1069 1413 subjiciuntn
1090 1353 1137 1400 ast
1167 1340 1223 1400 ubi
1246 1363 1296 1405 nu.

262 1421 341 1484 bila
347 1443 415 1486 nox
436 1420 552 1487 indixit
573 1422 732 1517 utrinque
754 1417 916 1498 quietem,
951 1419 1041 1500 lapsa
1063 1421 1137 1484 lacit
1159 1423 1292 1488 subitam

262 1505 354 1570 turris
383 1521 515 1568 castrata
542 1505 688 1568 ruinam:
722 1519 868 1582 tempora
898 1499 956 1570 sed
985 1504 1088 1568 noctis
1117 1510 1198 1587 quia
1225 1527 1294 1574 sunt

261 1590 369 1656 minus
402 1605 476 1671 apta
508 1590 643 1662 duellis,
664 1587 899 1669 francigenae
932 1605 1076 1668 cessant,
1103 1612 1148 1656 ne
1172 1591 1291 1658 Τιιιιοι

126 1667 130 1682 ’
215 1681 233 1756 ⁸,
258 1691 355 1740 nocte
383 1677 550 1742 lacessant.
604 1673 701 1738 Illicu
731 1690 842 1737 tamen
862 1673 963 1736 Turci
990 1695 1050 1756 pro
1078 1696 1158 1742 suae
1188 1682 1289 1746 salutis

258 1763 399 1825 tuitione
421 1761 559 1837 solliciti,
580 1775 645 1824 tota
667 1755 851 1840 sagacitate
859 1774 1077 1840 consurgunt3
1106 1777 1139 1824 et
1163 1751 1287 1835 mutum

185 1857 188 1870 '
257 1861 365 1910 tantae
387 1845 511 1910 ibidem
532 1845 737 1918 fortitudinis,
761 1859 847 1906 tanta
869 1841 1032 1910 celeritate
1053 1845 1237 1944 restituunt,
1257 1865 1288 1920 ut

256 1931 411 2013 postridie
437 1931 567 1996 nullutn
596 1950 653 1994 ecs
681 1929 835 1996 laedendi
856 1931 1005 1994 valerent
1027 1935 1126 1994 nostri
1150 1937 1287 2016 reperire
1327 1931 1329 1986 ἶ

170 2081 175 2100 .
253 2017 387 2088 locumt
449 2016 583 2082 Interea
621 2035 736 2080 recens
775 2015 956 2081 adveniunt
997 2015 1077 2091 viri,
1126 2027 1329 2088 armorum

228 2160 232 2171 ,
253 2103 373 2200 glorta
377 2076 594 2174 celeberrimi,
617 2099 820 2178 comitesque
842 2097 1005 2175 ditissimi,
1032 2101 1075 2165 de
1095 2104 1220 2182 quibus
1241 2127 1284 2170 su·

254 2207 312 2269 pra
323 2184 459 2269 egimus,
479 2207 557 2254 cum
567 2183 767 2265 frequentin,
789 2181 875 2267 qu'ae
893 2185 952 2253 sibi
970 2185 1195 2266 cohaeserant,
1212 2192 1283 2260 mili

155 2279 162 2286 ’
254 2271 389 2344 taribus3
413 2273 453 2334 ad
475 2293 616 2371 quprutn
639 2272 817 2334 adventum
843 2291 958 2338 ornnes
980 2271 1042 2334 ille
1053 2271 1195 2336 Domini
1217 2297 1283 2338 con·

252 2354 401 2420 ubilavit
427 2357 603 2437 exercitus:
637 2359 907 2418 Notmannorum
934 2355 1056 2419 scilicet
1082 2379 1197 2427 comes
1224 2365 1280 2426 Ro-

249 2377 381 2520 bertus,
402 2455 435 2508 et
462 2435 670 2510 Carnotensis
698 2460 809 2505 cuntes
839 2440 1033 2520 Stephanus
1076 2443 1198 2525 Igitur
1203 2447 1279 2511 Boe

129 2553 132 2576 ι
164 2547 171 2563 ι
250 2531 412 2602 mundus,
438 2530 555 2594 urbem
584 2525 711 2590 obsedit
740 2527 904 2596 ai'ronte,
932 2540 965 2591 et
991 2465 1184 2592 Τιιιιιειιιιὲ
1206 2555 1223 2598 a
1242 2534 1276 2594 la

250 2627 337 2686 tere,
372 2611 466 2676 tertio
495 2614 569 2680 loco
597 2614 665 2676 dux
698 2611 922 2686 Godelredus,
964 2614 1080 2691 quarto
1107 2601 1275 2681 Flandrerr.

229 2697 332 2770 :sium
376 2695 511 2773 comes,
560 2695 679 2777 quinto
720 2715 831 2772 comes
874 2696 1141 2774 Normannicus,
1191 2719 1273 2765 sexto

247 2779 349 2844 sancti
368 2782 613 2863 Ειιιιιιίιοιιιιιιιι
636 2781 861 2846 etPodiensis
884 2781 1174 2862 episcopocum
1201 2807 1271 2852 vero

247 2887 323 2932 eam
344 2868 495 2934 obsidere
516 2866 701 2963 intendunt,
738 2883 776 2930 ut
797 2868 925 2926 nullum
949 2865 1138 2942 introeundi
1161 2893 1270 2940 exeun

227 2949 347 3032 'dique
379 2952 513 3018 obsessi
542 2951 685 3031 reperire
724 2953 855 3030 quirent
895 2953 1028 3014 aditum.
1091 2955 1172 3018 Erat
1202 2977 1269 3038 ergo

243 3035 306 3104 ibi
321 3037 544 3111 considerare,
572 3035 746 3104 collectum
776 3037 872 3100 totius
901 3039 1101 3106 Francorum
1136 3041 1267 3116 militiae,

204 3119 436 3214 'nobilitatum
481 3122 691 3206 prudentiae,
730 3143 961 3201 armorumque
993 3123 1191 3203 claritudinis
1220 3127 1266 3188 llo·

76 3225 77 3236 ¹
175 3243 177 3252 ι
243 3227 336 3281 rem:
383 3228 482 3308 quos
506 3207 541 3274 iu
580 3211 725 3292 equestri
763 3207 970 3272 loricatorum
1007 3210 1264 3308 galeatorumque

201 3315 207 3326 ·
244 3293 382 3369 decore,
420 3293 455 3356 hi
488 3291 544 3374 qui
576 3293 780 3360 exercituum
812 3291 1004 3371 quantitates
1037 3293 1197 3376 pensitare
1227 3295 1264 3358 di

244 3376 405 3453 dicerent,
439 3395 572 3445 centum
599 3376 726 3444 circiter
754 3377 855 3442 millia
882 3394 1070 3460 putavere.
1095 3381 1198 3462 Porro
1217 3401 1263 3462 pe·

138 3501 140 3509 ι
196 3485 200 3490 ’
243 3463 357 3530 destris
396 3462 648 3546 populositatem
680 3466 808 3538 turbae,
849 3477 884 3528 et
914 3461 1043 3526 illorum
1087 3485 1261 3542 numerum,

168 3539 175 3558 ⁶
202 3585 206 3594 ·
243 3548 300 3628 qui
333 3551 572 3650 assectabantur
602 3549 824 3628 equestribus,
856 3567 953 3628 posse
986 3551 1026 3610 ab
1059 3549 1168 3635 aliquo
1199 3571 1260 3630 sup

154 3646 185 3716 ‚¹
238 3625 355 3716 putari,
375 3643 447 3700 u'on
467 3633 615 3708 aestimo,
636 3632 777 3714 penitus
819 3635 924 3699 Plane
946 3653 1016 3696 non
1038 3637 1155 3710 modo,
1185 3643 1294 3716 quae

58 3691 88 3750 .‘
124 3695 128 3716 ’
217 3719 463 3798 ⁴a'clieqtibus
476 3719 569 3784 sive
565 3718 744 3800 mancipiis
773 3719 880 3786 solent'
905 3717 1053 3815 praeberi
1082 3720 1187 3790 officia
1210 3717 1257 3784 mi·

236 3803 380 3874 litaribus
402 3804 559 3886 personis,
587 3804 818 3872 deferebantur
847 3826 881 3868 a
895 3791 1040 3878 talibus3
1058 3808 1129 3894 sed
1140 3809 1185 3874 ad
1210 3807 1256 3866 ob·

52 3900 54 3904 '
131 3954 134 3960 ,
236 3888 404 3964 sidiones,
433 3892 473 3958 ad
502 3889 658 3971 praelia,
674 3890 760 3954 adeo
792 3893 906 3953 eorum
939 3891 1046 3954 fuerat
1079 3872 1192 3992 virtus,
1226 3902 1254 3952 et

234 3972 333 4092 instar
358 3971 465 4053 teonis
493 3973 626 4047 audacia
651 3976 834 4110 necessaria
860 3975 1054 4060 majoribus,
1087 3967 1135 4046 dci
1161 3977 1252 4040 solent

221 4081 224 4084 ·
1176 4078 1261 4132 uma

255 4165 274 4202 ιΙ

164 4213 169 4229 Ι
