2628 4748
1046 373 1135 508 ab,

80 567 289 648 plusquam
294 564 375 630 ΧΙΙ
393 554 558 648 legiones,
586 565 648 630 abt
662 581 749 632 certe
769 533 908 632 tantum
886 513 1036 635 ἰιιοιιι
1048 587 1120 636 ver·
1165 613 1167 623 ·

78 654 143 727 bo,
178 671 212 715 et
232 651 419 752 liberabitur
448 653 552 714 terra?
572 653 735 715 ,Οιιιιιὶιιο
758 656 869 719 subest
890 655 933 732 ei,
963 674 1038 720 eum
1060 675 1118 720 vo·

7 784 8 792 ,
78 738 188 811 luerit,
220 757 328 818 posse.
340 737 437 800 Sed
469 737 554 798 dico
575 733 687 812 uobis,
725 751 827 802 tentat
857 761 918 802 vos
943 741 1116 840 Dominus

9 853 12 860 ·
76 825 175 885 Deus
198 837 316 885 vester.
350 809 496 903 Respicit
513 837 616 917 super
631 821 725 884 filios
721 823 917 921 hominurn,
936 841 971 887 ut
988 825 1161 914 silone

76 907 129 982 sit,
143 905 209 986 qui
230 905 388 989 intelligat
406 921 442 974 et
461 907 605 984 requirat
624 921 657 968 et
679 903 789 976 doleat
810 907 917 972 vicem
941 909 1022 992 ejus.
1054 881 1161 976 Ma

76 1008 204 1054 seratur
231 991 319 1054 enim
349 989 510 1071 populum
536 1010 635 1058 suum
657 992 767 1067 Deus,
800 1007 833 1056 et
853 993 951 1074 lapsis
973 994 1182 1076 graviter

73 1075 239 1156 providet
250 1077 434 1138 temedium
457 1075 577 1138 salutis.
610 1075 847 1158 Considerate,
855 1093 976 1158 quanto
995 1081 1036 1140 ad
1052 1077 1144 1142 stil-

75 1163 208 1223 vendos
230 1181 290 1222 vos
315 1159 448 1221 artificio
465 1161 579 1236 ιιιιιιιι,
602 1176 634 1222 et
655 1149 882 1242 obstupescite.
930 1163 1115 1228 Intuemini

73 1243 203 1326 pietatis
234 1247 405 1325 abyssum,
435 1259 469 1306 et
502 1242 666 1316 confidite
685 1261 881 1328 peccatores.
932 1251 1013 1312 Non
1040 1229 1116 1322 vult

74 1345 218 1394 mortem
239 1345 406 1426 uestram,
412 1329 472 1392 sed
494 1343 529 1388 ut
536 1343 688 1403 convert
690 1330 789 1392 amini
805 1346 846 1394 et
864 1327 998 1396 vivatius
1034 1332 1113 1422 quia

75 1415 124 1476 sic
151 1415 278 1494 quaerit
304 1413 510 1476 occasionem
538 1433 607 1474 non
636 1415 810 1495 adyersrun
837 1436 918 1494 uos,
960 1419 1018 1482 sed
1051 1437 1113 1498 pro

71 1498 181 1574 vobis,
202 1498 286 1562 etc.“
308 1503 351 1562 ln
373 1498 491 1580 quibus
514 1513 547 1560 et
564 1497 646 1560 circa
665 1501 815 1582 eandem,
829 1515 1000 1571 oratorum
1019 1521 1113 1564 more

70 1585 132 1646 vel
160 1585 294 1660 urdine,
325 1598 474 1646 versatur
500 1583 678 1646 materiam.
720 1585 764 1646 Et
790 1587 883 1686 quod
902 1577 1021 1652 Judaei
1043 1607 1146 1658 non,

69 1669 142 1730 sint
162 1667 343 1742 occidendi,
364 1669 489 1730 ratione
511 1671 626 1748 probat
648 1681 679 1732 et
702 1671 900 1748 auctoritate.
938 1666 1040 1736 Unde
1062 1683 1113 1736 est

67 1753 175 1816 illud·
196 1755 346 1831 „beatam
370 1752 507 1816 dixerim
529 1753 787 1850 generationem,
811 1775 921 1856 quarn⁸
933 1756 1114 1838 apprehen·

70 1842 147 1902 det
153 1845 220 1902 tarn
239 1837 348 1902 uberis
369 1837 591 1935 indulgentiae
614 1851 760 1920 tempus,
792 1859 893 1920 quam
912 1841 1041 1904 inuenit
1062 1859 1134 1900 su

70 1924 241 2006 perstitero
272 1941 376 1984 annus
403 1921 464 1984 iste
486 1916 649 2003 placabilis
670 1923 844 1999 Domino,
875 1940 908 1988 et
928 1945 1032 1988 uere
1028 1923 1111 2004 J'ubi·

68 2011 177 2092 laqus.
219 2005 425 2070 Diffunditur
459 2007 548 2070 enim
579 2007 662 2070 haec
694 2009 922 2092 benedietio'
913 2005 965 2072 ιιι
981 2010 1111 2108 univer·

69 2114 150 2156 sum
170 2095 349 2168 mundum,
378 2106 412 2156 et
434 2091 520 2154 ad
497 2091 624 2176 signum
647 2091 734 2156 vitae
755 2082 934 2159 convolant
953 2091 1111 2156 universi.

69 2174 166 2270 Quia
194 2198 272 2259 ergo
298 2173 464 2240 foecunda
493 2193 541 2239 est
563 2193 645 2240 terra
667 2167 773 2239 uestra
797 2177 943 2242 virorum
964 2179 1109 2253 fortium,

70 2277 109 2327 et
136 2251 268 2324 robusta
298 2261 442 2326 noscitur
467 2261 643 2343 juventute
669 2262 804 2324 referta·
828 2264 938 2326 sicut
957 2261 1027 2328 leus
1061 2275 1111 2328 est

71 2361 185 2410 vestra
206 2347 240 2408 in
262 2345 419 2412 uniuerso
441 2348 584 2445 mundo,
607 2360 640 2408 et
661 2344 800 2424 uirtutis.
807 2357 935 2412 vestrae
956 2349 1042 2409 fama
1064 2359 1140 2408 re·

71 2433 182 2516 plevit
203 2435 328 2532 orbem,
351 2429 553 2514 accingimini
576 2444 609 2493 et
629 2431 693 2494 ιιιιιι
714 2429 858 2508 viriliter,
879 2448 912 2498 et
933 2433 1046 2498 felicia
1061 2453 1110 2498 ar

70 2539 130 2580 rna
151 2517 310 2611 corripite.
319 2521 343 2556 ‘⁶
369 2518 413 2578 Et
434 2517 477 2580 de
497 2515 632 2579 ludaeis
653 2515 714 2578 sic:
725 2518 889 2595 „Deus,
880 2517 988 2598 mouit
1009 2517 1113 2580 eccle·
1174 2584 1176 2593 ‚
1213 2579 1223 2592 ,

70 2603 137 2679 siaJ
156 2601 299 2666 ostendit
320 2601 403 2665 mihi
421 2621 520 2683 super
536 2601 684 2664 inimicos
702 2621 804 2678 meos,
827 2625 871 2668 ne
889 2601 1016 2666 occidas
1029 2621 1110 2665 etos
1167 2660 1172 2669 .

41 2750 43 2754 .
71 2686 148 2753 vivi
167 2687 308 2768 quidam
337 2685 446 2785 apices
472 2686 566 2748 nobis
588 2701 672 2763 sunt,
693 2703 975 2784 repraesentantes
991 2686 1112 2768 jugiter

69 2771 273 2866 dominicam
286 2773 494 2857 passionem:
478 2776 508 2810 ·“
531 2785 564 2834 et
576 2773 668 2853 plura
683 2771 773 2838 alia
763 2793 798 2834 ιιι
810 2775 898 2837 hunc
909 2774 1057 2836 modum.
1068 2803 1113 2820 -·
1135 2821 1137 2831 ,

1 2855 7 2867 ’“
70 2859 200 2958 Igitur
208 2854 278 2920 non
307 2858 415 2920 solunt
444 2877 487 2920 ex
507 2856 692 2918 Romano
683 2857 838 2937 rmpetio,
859 2859 924 2922 se'd
946 2857 1044 2922 etiam
1068 2873 1110 2918 ert
1163 2928 1165 2938 Ι
1223 2864 1226 2872 ’

71 2942 196 3025 vicinis
215 2942 334 3025 regnis,
356 2943 390 3017 id
412 2958 461 3005 est
482 2941 678 3004 occidentali
693 2944 845 3029 Francia,
866 2943 1008 3025 Anglia,
1029 2943 1113 3003 Pan·

70 3028 193 3128 nortia,
218 3026 405 3092 innumeris
427 3023 556 3108 populis
579 3045 616 3088 ac
637 3023 837 3103 nationibus,
870 3029 952 3090 haec
980 3021 1125 3107 expedi-
1166 3105 1167 3117 ι

72 3113 174 3176 tionis
201 3113 289 3176 fama
317 3115 358 3174 ad
387 3112 581 3174 sumendam
604 3131 740 3180 crucem
758 3109 940 3186 commotis,
972 3124 1111 3193 repente

73 3199 122 3261 sic
145 3212 229 3260 totus
251 3214 338 3280 pene
361 3186 529 3260 Occidens
540 3191 642 3268 siluit,
663 3213 700 3258 ut
720 3219 790 3259 non
803 3201 918 3260 solunt
939 3198 1036 3274 bella
1044 3213 1112 3261 mo-
1206 3268 1208 3278 Ι

73 3305 175 3357 vere,
208 3285 268 3346 sed
295 3297 329 3346 et
356 3303 444 3370 arma
468 3281 659 3362 quempiam
683 3281 718 3342 in
746 3283 877 3364 publico
906 3297 1036 3374 portare
1056 3300 1113 3342 ne·

73 3370 123 3432 fas
147 3369 331 3432 haberetur
363 3401 406 3414 -··
437 3365 488 3429 At
508 3363 691 3430 Gottradus
700 3370 927 3430 Romanorum
949 3389 1007 3430 rex
1029 3365 1111 3446 prin-

1 3499 15 3519 t,
74 3455 166 3535 cipes
196 3469 399 3525 convocans,
434 3450 469 3512 in
498 3451 620 3534 oppido
649 3449 811 3515 oftentalis
837 3451 992 3516 Franciae
1015 3455 1139 3514 Fran

74 3538 230 3601 ‘conefun
256 3537 372 3624 (quod
399 3533 498 3598 latine
528 3539 650 3598 vadum
679 3538 881 3600 Francorum
908 3537 973 3600 dici
996 3549 1113 3619 potest,
1179 3543 1181 3548 ’
1281 3591 1286 3598 .

76 3621 119 3688 'eo
143 3624 235 3704 quod
257 3623 391 3686 Carolus
419 3621 461 3682 ad
482 3621 695 3684 debellandos
718 3625 882 3695 Saxones,
917 3644 993 3686 curn
1016 3625 1114 3684 Fran·

77 3709 122 3774 cis
151 3707 376 3806 proficiscens,
410 3707 533 3768 vadum
562 3707 618 3768 illo
646 3708 741 3790 Mogi
767 3709 929 3785 fluminis,
958 3707 1016 3788 qui
1042 3706 1116 3768 Mo·

80 3793 214 3876 guntiae
244 3788 366 3855 Rheno
388 3791 575 3866 illabitur,
567 3791 733 3856 rnvenisse
756 3793 895 3875 dicitur)
926 3793 1119 3879 generalem

80 3879 205 3951 curiam
227 3879 383 3942 celebrate
403 3875 514 3958 ibique
532 3877 599 3940 filio
619 3897 677 3938 suo
696 3879 855 3984 Henrico,
878 3881 984 3946 adhuc
1001 3895 1117 3972 puero,
1210 3897 1213 3909 ·

82 3985 143 4066 per
174 3961 374 4032 electionem
400 3961 584 4045 principum
609 3977 687 4045 tege
716 3960 906 4043 constituito,
938 3965 974 4028 in
1000 3959 1118 4114 ιιιιιιιο

1042 4063 1123 4170 epure

1257 590 1261 621 l
