2682 4756
875 240 877 248 ,

893 264 898 278 ,
1311 262 1312 270 ,

926 323 930 340 J
1239 315 1241 332 Ι

896 334 922 372 r:
1138 339 1145 346 -

1017 351 1130 429 ἰ65Ι
1216 401 1220 410 ·

1318 413 1319 426 l

937 443 939 452 l
1217 453 1220 460 ι

83 533 231 612 veniret,
252 527 287 602 et
308 535 343 602 'sit
351 551 471 602 veram
491 555 572 621 pro
575 535 726 616 admissis
748 521 1003 625 poenitudinem
1023 555 1114 625 gere·

81 638 125 686 ret
155 623 301 704 culpam,
340 642 439 704 quam
466 625 545 687 sedi
553 627 766 710 apostolicae
780 627 1045 692 contumeliam
1035 649 1112 690 rrro·

81 709 181 790 gando
204 715 415 790 contrarierat,
438 710 524 772 sedis
548 714 746 792 apostolicae
767 712 906 776 decretis
927 733 1018 778 nunc
1035 715 1137 782 ube

81 787 194 856 diendo
218 794 380 873 expiaret.
417 793 524 858 Venit
544 796 610 874 ille,
633 811 671 859 ut
688 795 818 876 J'ussum
839 797 955 874 fuerat,
978 811 1012 861 et
1033 787 1111 860 cur'n

80 877 240 940 castellum
261 877 342 942 illud
363 877 483 964 triplici
504 899 600 944 mitro
621 895 753 964 septum
775 895 871 958 esset,
892 883 976 946 intra
996 901 1111 946 secun·

70 965 151 1025 ‘dum
172 963 344 1028 murorum
366 967 531 1036 ambitum
546 981 728 1048 receptus,
738 966 816 1030 foris
839 951 995 1032 derelicto
1017 965 1111 1030 ornni
1213 1034 1216 1038 ,

78 1045 223 1111 comitatu
246 1065 318 1124 suo,
340 1050 493 1132 deposito
514 1051 605 1114 cultu
623 1051 727 1134 regio,
749 1051 832 1116 nihil
852 1034 1043 1133 praeferens
1061 1071 1119 1116 re·

77 1134 168 1214 glum,
189 1132 273 1196 nihil
295 1149 462 1200 ostentans
484 1135 719 1236 pompaticum,
735 1137 837 1200 nudis
859 1135 1040 1218 pedibus,
1031 1136 1110 1200 reiu-

77 1237 148 1292 nus,
177 1241 211 1280 a
222 1237 323 1284 mane
350 1239 461 1300 usque
486 1223 527 1284 ad
548 1240 725 1304 vesperam
745 1225 924 1303 perstabat,
963 1219 1110 1284 Romani

76 1303 239 1384 pontilicis
250 1305 445 1368 sententiam
465 1307 707 1388 praestolando.
751 1309 832 1374 Hoc
845 1309 1017 1386 secundo,
1042 1307 1108 1368 hoc

77 1388 159 1452 tertio
187 1389 241 1452 die
272 1389 358 1454 fecit.
378 1379 530 1480 Quarto
557 1393 696 1454 demum
725 1391 839 1467 die,
828 1413 866 1454 ιιι
893 1407 1108 1488 conspectum
1188 1403 1192 1409 “
1274 1453 1276 1466 ,

76 1473 137 1554 ejus
158 1475 331 1551 admissus,
355 1494 431 1556 post
451 1478 569 1539 multas
592 1475 669 1538 hinc
690 1473 771 1540 iude
794 1475 896 1540 dictas
918 1478 1109 1550 sententias,
1182 1515 1187 1528 ·

25 1570 28 1584 ’
75 1559 117 1618 his
142 1577 309 1640 postremo
338 1560 581 1628 conditionibus
609 1562 952 1626 excommunicatione
982 1561 1109 1624 absolu·

76 1659 118 1704 tus
139 1659 199 1708 est:
221 1663 261 1708 ut
282 1645 337 1710 die
359 1661 392 1710 et
412 1647 505 1722 loco,
528 1667 763 1738 quemcunque
786 1667 871 1730 papa
882 1640 1116 1730 designasset,
1193 1721 1196 1730 .

75 1731 205 1794 evocatis
236 1732 305 1792 ad
302 1733 462 1813 generale
484 1730 660 1794 concilium
681 1733 877 1811 Teutonicis
890 1732 1108 1814 principibus,
1196 1798 1206 1810 ,

74 1831 190 1894 praesto
217 1831 324 1890 esset,
357 1831 391 1878 et
418 1810 693 1892 accusationibus,
732 1837 813 1916 quas
845 1806 1107 1914 intenderentur,

23 1927 37 1956 2
73 1901 316 1988 responderet,
307 1921 379 1982 ipso
401 1923 496 1984 papa,
518 1902 545 1964 si
565 1901 608 1964 ita
626 1903 783 1984 expedire
803 1901 979 1978 videretur,
998 1898 1106 1984 cogui-

28 2059 32 2066 ,
74 1998 133 2045 tore
154 2005 324 2048 causarum
348 1987 528 2050 assidente.
550 2002 584 2051 et
605 1989 645 2050 ad
667 1987 741 2067 ejus
761 1987 958 2056 sententiam
980 1987 1139 2050 velte

74 2070 177 2133 tineret
197 2091 350 2153 regnum,
368 2071 399 2133 si
421 2072 475 2152 obj
478 2065 549 2134 ecta
570 2086 758 2171 purgasseta
774 2070 840 2136 vel
858 2093 970 2152 aequo
992 2071 1122 2148 animo
1171 2125 1175 2132 .

73 2155 229 2243 amitteret,
254 2156 279 2220 si
300 2156 445 2238 probatis
465 2157 666 2232 criminibus,
684 2157 776 2240 regio
795 2157 951 2238 deinceps
974 2157 1122 2218 hdnore.

73 2229 229 2324 indignus,
257 2243 350 2322 juxta
371 2241 602 2340 ecclesiasticas
624 2243 732 2324 leges,
762 2243 1010 2317 decerneretur,
1031 2241 1103 2322 nul·

33 2359 36 2370 r
73 2328 144 2400 laur,
175 2327 248 2390 sive
277 2322 406 2390 retento
435 2327 506 2392 sive
536 2326 654 2390 amisso
681 2347 832 2410 regno,
830 2327 934 2407 hujus
962 2326 1130 2406 injuriae

22 2423 23 2428 ’
74 2410 239 2474 vindictam
263 2434 281 2474 a
303 2407 461 2494 quopiam
486 2411 699 2474 hominum'
688 2433 726 2474 ιιι
755 2427 962 2510 perpetuum·
975 2425 1104 2474 exuctu

72 2515 133 2557 rus:
159 2505 267 2577 usque
289 2499 331 2560 ad
352 2517 427 2560 eam
450 2478 561 2562 auteur
582 2497 687 2573 diem,
720 2517 785 2578 qua
813 2516 911 2560 causa
931 2497 1003 2578 ejus
1025 2494 1112 2578 legi-

73 2579 140 2646 time
158 2581 305 2646 discussa
328 2579 566 2657 terminarenu,
585 2583 677 2646 nulla
697 2583 780 2664 regii
801 2584 908 2648 cultus
929 2601 1102 2644 mnamen·
1157 2647 1160 2656 ,

22 2725 23 2732 ,
72 2680 113 2740 ta,
137 2669 226 2730 nulla
248 2667 357 2755 regiae
381 2667 572 2760 dignitatis'
563 2667 703 2766 insignia
724 2667 784 2730 sibi
806 2663 992 2745 adhiberet,
1016 2663 1100 2729 nihil

60 2752 144 2830 „circa
169 2773 281 2816 rerum
308 2735 530 2835 publicarum'
542 2751 874 2828 administrationem,
902 2753 1004 2834 juxta
1014 2768 1100 2816 uon·

73 2838 283 2916 suetudinem,
311 2859 373 2900 suo
397 2837 473 2918 J'rrre
495 2854 621 2922 ageret,
652 2835 754 2912 nihil,
786 2839 877 2918 quod
898 2854 1005 2905 ratum
1027 2838 1099 2900 iore

73 2939 217 3002 oporteat,
237 2924 449 3004 decernerem
482 2939 649 3003 postremo
670 2937 799 3022 praeter
819 2924 978 3023 regalium
1000 2921 1100 2986 servi

73 3005 177 3070 tiorum
195 3008 412 3082 exactionem,
432 3008 549 3088 quibus
566 3007 751 3072 necessario
769 3009 843 3092 ipse
858 3024 891 3073 et
908 3007 957 3071 sui
975 3024 1099 3071 susten·

73 3094 150 3155 tandi
176 3109 303 3192 essent,
331 3093 414 3157 nihil
440 3093 584 3176 regium,
611 3093 693 3156 nihil
720 3093 888 3176 publicum
916 3107 1098 3175 usurparet,

74 3179 177 3241 ornnes
199 3179 314 3256 etiarn,
347 3178 404 3258 qui
432 3177 465 3242 ei
492 3181 552 3240 sub
571 3179 784 3272 jurejurando
807 3178 908 3242 fidem
931 3177 1105 3273 dixissent,
1161 3199 1176 3250 J

73 3265 106 3322 ab
134 3263 229 3344 hujus
261 3265 456 3329 sacramenti
488 3263 639 3364 viuculo,
675 3268 709 3328 et
740 3263 988 3328 conservandae
1020 3283 1099 3346 erga
1192 3272 1195 3278 ’

74 3367 140 3408 euru
160 3348 238 3412 fidei
259 3349 389 3429 debito,
422 3349 512 3430 apud
532 3337 646 3410 Delum
671 3363 710 3414 et
738 3351 826 3430 apud
847 3347 1060 3432 homines,
1051 3369 1097 3410 ιιι-
1137 3339 1229 3410 ’.ι’
1281 3381 1290 3415 ι

73 3433 155 3494 terim
175 3433 268 3498 liberi
290 3433 501 3517 expeditique
526 3435 715 3506 manerent3
738 3437 947 3512 Rutberturn,
969 3422 1097 3498 ilaben-
1172 3463 1202 3494 ·r
1244 3467 1248 3472 ·

28 3524 32 3538 “
72 3516 255 3599 bergensem
278 3520 510 3602 episcopum,
518 3535 552 3582 et
573 3517 766 3580 Udalricurn
788 3521 830 3584 de
854 3515 1060 3598 Cosheim‚
1062 3532 1097 3581 et

74 3619 221 3680 caeteros,
254 3625 397 3703 quorum
419 3601 560 3667 consiliis
588 3623 623 3666 se
645 3623 784 3683 remque
805 3603 970 3684 publicam
992 3593 1114 3688 prodi·

74 3688 175 3762 disset,
214 3712 232 3752 a
264 3689 323 3752 s'lra
354 3690 405 3770 in
420 3704 624 3788 perpetuum
662 3687 876 3753 familiaritate
914 3701 1096 3752 amoveret.

74 3773 207 3858 Quod'
184 3795 211 3836 st
233 3775 390 3858 purgatis,
421 3795 508 3854 quae
530 3773 765 3873 objicerentur,
799 3791 931 3856 potens
939 3776 1098 3837 conforta·

35 3861 37 3870 ’
74 3871 179 3938 rusque
199 3859 235 3922 ιιι
255 3883 358 3944 regno
379 3859 584 3942 perstitisset,
606 3857 754 3922 subditus
776 3861 932 3922 Romano
953 3844 1100 3944 pontifici

75 3959 209 4039 semper,
231 3947 386 4071 dictoque
408 3947 639 4054 obtemperans
659 3945 763 4025 locet,
785 3961 823 4012 et
844 3945 895 4010 ad
906 3943 1100 4026 corrigenda
1197 3957 1201 3966 “

911 4105 921 4137 ⁸
1003 4049 1100 4114 quae
