2628 4748
799 335 824 366 A

159 365 161 374 ¹
239 383 324 471 tta·

281 542 589 658 gestationem
622 572 788 660 Quelle
810 569 877 636 itis
907 567 974 636 die
1011 549 1250 636 Geschichte

250 661 642 742 derKreuzatige
683 657 812 741 Ausg.
843 679 925 720 non
946 657 1202 740 Bongarsius.

183 789 283 888 ¹²4)
310 792 426 864 AB..
457 793 597 876 Konig
618 787 856 856 Amalrichs
877 793 976 874 Zug
985 791 1091 854 nacla
1112 789 1250 874 Aegyp·

250 893 363 946 'ten
392 883 501 969 1168
539 883 657 947 B..ao
687 895 768 958 c.5
895 909 929 928 ·¹

322 1049 458 1134 Interea
484 1069 572 1132 fama
593 1065 731 1150 publica
743 1063 930 1148 personuit,
960 1079 996 1128 ut
1017 1063 1162 1138 dicitur,
1178 1066 1250 1144 quod

238 1153 339 1218 Savar
365 1155 527 1218 Soldanus
548 1154 752 1236 Aegyptius,
783 1153 971 1231 frequentes
994 1153 1034 1212 ad
1063 1149 1249 1212 Noradinum

236 1237 396 1322 dirigebat
422 1238 619 1322 legationes,
654 1253 686 1302 et
714 1237 788 1318 eJ'us
813 1237 939 1299 occulte
962 1227 1152 1332 implorabat
1171 1234 1250 1298 subsi

152 1403 157 1411 Ι
238 1323 342 1398 dium,
363 1325 490 1388 dicens·
513 1325 603 1408 quod
626 1344 644 1384 a
664 1323 775 1404 pactis,
792 1343 882 1418 quae
905 1343 978 1382 cum
998 1343 1075 1403 rege
1087 1325 1249 1402 pepigerat,

236 1410 340 1474 vellet
360 1411 532 1484 recedere,
567 1425 600 1472 et
621 1407 741 1503 quod
733 1405 853 1468 inuitus
882 1427 956 1468 cum
985 1404 1117 1468 inimico
1144 1406 1248 1486 populo

236 1493 349 1591 aliquo
371 1495 457 1584 pacis
479 1493 645 1574 foedere
633 1508 840 1574 Jungeretur:
862 1489 952 1571 quod
974 1494 1002 1556 si
1025 1494 1067 1556 de
1090 1491 1160 1572 ejus
1181 1489 1248 1550 auxi

135 1635 139 1642 .
235 1579 281 1642 lio
310 1598 414 1642 certus
427 1579 544 1656 foret,
574 1593 666 1660 pacta
695 1579 872 1660 frangeret,
906 1579 944 1638 ab
970 1597 1020 1639 eo
1033 1575 1161 1656 penitus
1181 1595 1248 1638 rece·

237 1667 329 1726 dens.
364 1649 474 1750 Unde
495 1685 570 1735 rex,
593 1678 628 1724 ut
649 1662 810 1736 dicitur,
798 1677 884 1741 Justa
905 1661 1128 1757 indignatione
1148 1676 1247 1732 motus,

236 1765 419 1814 convocato
441 1771 544 1831 regno
566 1746 741 1820 uniuerso,
773 1745 914 1808 collectis
918 1745 1084 1826 equitum
1111 1745 1247 1828 peditum

232 1855 302 1914 que
331 1834 447 1926 copiis,
479 1837 514 1903 in
541 1832 734 1929 Aegyptum
762 1831 891 1893 festinat
923 1831 1135 1894 descendere.
1183 1833 1247 1889 Sunt

235 1919 292 1998 qui
315 1897 431 1992 dicant,
454 1919 616 2000 praedicta
638 1917 749 1978 omnia
770 1917 843 1976 ficta
863 1915 980 1988 suiss‘e,
1002 1932 1034 1978 et
1056 1917 1146 1996 quod
1167 1917 1247 1976 Savar

235 2004 408 2064 Soldano
401 2003 585 2076 innocenti,
610 2017 642 2066 et
663 2001 743 2062 nihil
766 1994 828 2062 t'ale
851 2001 999 2102 merenti,
1021 2016 1114 2082 pacta
1138 2017 1170 2064 et
1187 2021 1246 2060 con

164 2148 166 2152 a
232 2091 430 2148 ventiouum
459 2102 607 2150 tenorem
636 2089 724 2146 bona
750 2085 815 2147 fide
838 2071 997 2160 s'ervanti‚
1032 2085 1246 2148 contraisset

233 2171 345 2252 piutn,
365 2171 488 2234 illatum
512 2173 550 2232 sit
579 2171 719 2268 bellum3
748 2159 814 2236 sed
831 2187 866 2232 ut
892 2168 1012 2232 lactum
1036 2186 1100 2231 tarn
1123 2170 1245 2232 notabile

233 2257 374 2335 aliquam
396 2258 532 2320 haberet
553 2255 814 2328 excusationem,
835 2255 887 2316 hic
909 2257 998 2317 color
1015 2255 1151 2320 videtur
1169 2275 1246 2335 quae·
1276 2275 1282 2300 t

232 2339 334 2404 situsz
335 2343 459 2442 uude,
471 2358 504 2404 et
525 2339 726 2416 Dominum,
751 2341 881 2438 qutum
904 2357 1105 2404 secretorum
1132 2357 1163 2405 et
1187 2361 1247 2401 con-

231 2423 437 2490 scientiarum
469 2428 640 2509 arbitrum,
679 2427 813 2488 omne'm
846 2425 961 2487 nostris
994 2425 1161 2492 conatibus
1189 2427 1244 2487 sub

216 2512 364 2584 traxisse
391 2513 558 2582 favorem,
591 2525 753 2586 asserunt,
786 2527 820 2574 et
840 2509 1008 2598 praediqtis
1031 2511 1244 2584 molintintltus,

228 2591 351 2676 justitia
377 2596 510 2672 vacuis,
540 2615 713 2678 prosperos
741 2617 879 2678 negasse
901 2615 1080 2660 successus.
1115 2599 1244 2660 Causam

230 2701 328 2762 porro
348 2697 383 2748 et
399 2680 605 2746 incentivum
626 2682 724 2764 hujus
752 2681 840 2756 mali,
868 2698 903 2742 ut
925 2683 1032 2779 ajunt,
1065 2681 1246 2744 ministrabat
1258 2732 1261 2744 .

158 2775 164 2816 t
231 2767 262 2826 C
265 2771 421 2842 erbertus,
442 2781 662 2848 cognomento
681 2757 841 2841 Assallit,
848 2767 1017 2864 magister
1021 2768 1140 2830 domus
1157 2763 1243 2848 hospi

229 2853 317 2928 talis,
339 2873 424 2932 quae
447 2869 495 2916 est
516 2851 771 2931 Hierosolymis,
793 2853 844 2912 vir
867 2850 1112 2931 magnanimus,
1135 2868 1165 2914 et
1183 2871 1242 2930 qua

229 2937 304 2998 dam
334 2933 521 3000 liberalitate
551 2935 696 2998 donandi
719 2935 887 3017 profusum
922 2952 1032 2998 tamen
1052 2935 1198 3002 instabilis
1217 2947 1242 2996 et

228 3039 340 3086 mente
370 3043 482 3104 vagus.
525 3021 737 3084 Hic'omnes
768 3021 917 3101 ejusdem
946 3023 1063 3082 domus
1092 3023 1240 3085 thesauros

227 3129 410 3188 exponens,
431 3108 565 3188 insuper
585 3119 618 3168 et
639 3105 783 3166 infinitae
800 3106 983 3184 quantitatis
1001 3107 1172 3206 pecuniam
1188 3125 1240 3166 mu·

212 3208 332 3254 ,tuam
346 3211 495 3294 sumens,
529 3189 640 3252 omnia
669 3191 819 3252 militibus
849 3190 1015 3272 erogavit,¹
1044 3209 1240 3270 quoscunque

184 3273 395 3346 linvenite
397 3275 511 3376 potuit,
533 3274 599 3338 sibi
615 3274 772 3340 alliciens.
794 3277 884 3338 unde
908 3277 1103 3355 praedictam
1123 3281 1239 3363 dqmunt
1283 3335 1284 3340 ,

125 3424 127 3430 ,
226 3375 313 3422 tanta
342 3361 422 3426 aeris
451 3361 548 3426 alieni
576 3361 665 3423 mole
692 3360 854 3442 gravavit,
886 3363 975 3438 quod
1005 3382 1074 3422 non
1098 3345 1162 3424 eral
1180 3378 1239 3440 spes

226 3447 406 3508 solutum
396 3448 573 3526 ni.1pse
600 3445 697 3507 etiam
725 3445 936 3544 postmodum
965 3447 1204 3545 desperans,o
1187 3445 1239 3508 0-lli

144 3560 150 3580 ·
194 3529 311 3608 cium
335 3551 432 3595 suum
454 3533 619 3620 deserens,
648 3549 681 3594 et
702 3527 969 3600 administrationi
990 3533 1190 3608 renuntians,
1212 3530 1239 3589 in

227 3631 359 3679 centurn
389 3613 544 3684 millibus
560 3629 733 3680 aureorum
762 3613 892 3678 dimisit
908 3619 1045 3677 domum
1060 3577 1238 3715 caligulam.

224 3701 274 3761 Ea
302 3715 411 3764 tamen
440 3701 706 3789 consideratione
714 3717 775 3776 tot
803 3715 836 3766 et
865 3716 984 3764 tantas
997 3701 1120 3766 misisse
1142 3701 1238 3776 dicinrr

225 3785 395 3865 eirpensas‚
423 3787 515 3866 quod
536 3799 639 3876 capta
654 3802 687 3850 et
714 3786 884 3868 subjugata
907 3786 983 3849 Aeo
965 3800 1082 3884 gypto,
1116 3767 1237 3854 Balbus,

224 3891 309 3947 quae
332 3873 412 3931 olim
435 3871 517 3941 dicta
541 3887 588 3944 est
610 3853 797 3942 Pelusium,
820 3891 894 3932 curn
918 3871 1076 3936 universo
1099 3869 1235 3934 territorio

223 3963 301 4036 suo,
329 3956 395 4040 juti
420 3955 572 4042 ejusdem
599 3957 763 4047 domus,
766 3977 810 4026 ex
835 3970 930 4056 paqto
960 3958 1051 4046 prius
1083 3977 1153 4024 eum
1173 3974 1236 4034 rege

1161 4039 1235 4112 inito,
