2628 4748
207 371 485 504 iai.,

210 583 294 636 rum,
317 539 535 644 Kyci'norum,
553 547 596 622 'ut
617 541 787 624 solverent
807 543 930 624 reditus
952 559 1170 644 episcopales,
1189 561 1236 644 qui

211 650 385 712 solvuntur
407 647 494 729 apud
517 645 666 708 Polonos
688 661 786 726 atque
808 643 1021 722 pomeranos,
1042 647 1235 721 uocesque

211 747 314 798 aratro
338 747 406 816 tres
424 729 554 794 modios
576 731 728 812 siliginis,
752 731 984 810 etnduotlecim
1006 753 1161 794 nummos
1180 751 1240 806 mo,

210 831 309 882 netas
329 816 490 898 publicae.
534 817 671 878 Modius
695 833 804 878 autem
826 815 1016 892 slavorum,
1038 803 1172 880 iocatur
1189 819 1236 878 lin·

210 921 276 986 gua
297 923 414 966 eorum
437 901 578 965 Curitze.
610 903 716 964 Porro
738 899 904 984 Slavicurn
926 918 1065 966 aratrum
1088 901 1236 982 perficitur

212 989 341 1070 duobus
365 989 469 1050 bobus
492 1002 526 1050 et
546 984 684 1050 totidem
706 985 810 1066 equis.
853 987 899 1051 Et
926 1003 1039 1050 auctae
1059 999 1143 1048 sunt
1168 987 1237 1049 deci·

212 1071 374 1135 mationes
403 1072 437 1134 in
467 1086 553 1162 terrq
582 1073 772 1144 Slavorum,
805 1075 961 1152 eoquod
984 1072 1236 1135 confluerentde

109 1207 110 1210 ,
188 1157 303 1222 ·terris
326 1157 394 1218 suis
415 1155 768 1226 homiuesTeutouici
789 1158 830 1219 ad
852 1156 1025 1221 colendam
1049 1171 1167 1222 terram
1180 1177 1235 1238 spa·

210 1243 346 1317 cissam,
367 1241 507 1306 fertilem
528 1242 706 1318 frumento,
729 1243 939 1311 commodam
956 1245 1152 1324 pascuorum
1161 1244 1237 1314 uber·
1261 1260 1262 1266 ¹

214 1341 291 1403 tate,
314 1328 538 1392 abundantem
559 1327 650 1410 pisce
679 1341 713 1391 et
734 1345 830 1392 cartre
854 1341 887 1390 et
909 1317 1062 1390 omuibui
1084 1326 1186 1389 bonis.
1204 1361 1237 1374 -

214 1415 261 1478 In
280 1425 431 1494 tempore
459 1409 518 1474 illu
550 1411 741 1476 orientalem
760 1410 906 1474 slaviam
934 1417 1067 1494 tenebat
1094 1411 1239 1476 Adelber·

215 1512 269 1562 tus
287 1498 455 1575 Marcbio,
477 1496 531 1560 cui
552 1499 738 1579 cognomen
759 1497 883 1575 Ursus,
897 1497 962 1577 'qui
983 1513 1031 1560 et·
1039 1497 1125 1578 jam,
1141 1496 1239 1578 ¹propi·

216 1579 263 1646 tio
284 1583 345 1646 sibi
366 1585 456 1658 Deo,
471 1581 673 1668 amplissime
695 1583 877 1645 fortunatus
900 1597 948 1645 est
969 1581 1173 1643 infuniculn
1188 1602 1238 1642 sor-

149 1735 154 1742 ,
191 1669 257 1732 'tis
272 1689 376 1732 ¹uuae.
419 1669 568 1730 Omnem
591 1665 683 1730 enim
705 1681 821 1731 terram
842 1665 1075 1745 Brizanornm,
1112 1667 1238 1727 Stodera·

215 1773 357 1826 norum,
391 1755 635 1834 multarumque
667 1753 814 1834 gentium
845 1751 1060 1815 habitantium
1087 1751 1238 1814 Havelam

150 1851 153 1872 ¹
211 1855 254 1903 ιιι
274 1837 436 1912 Albiam,
450 1837 536 1898 misit
557 1835 618 1899 'sub
636 1837 778 1918 jugum,
793 1851 826 1900 et
841 1835 1021 1901 infrenavit
1042 1837 1179 1900 rebelles
1198 1855 1239 1897 eo

210 1942 306 1984 rum.
348 1922 409 1984 Ad
437 1921 589 1986 ultimum
617 1919 845 1984 deficientibus
873 1921 996 1984 sensim
1016 1921 1138 1998 Slavis,
1169 1919 1240 2000 misit¹

174 2063 178 2072 ,
219 2006 408 2085 Trajeotum
430 2019 463 2068 et
485 2007 526 2068 ad
546 2005 619 2066 loca
640 2005 762 2069 Rheno
785 2005 953 2088 contigua,
969 2005 1107 2086 insuper
1127 2005 1165 2066 ad
1185 2023 1239 2077 ens,

125 2087 164 2136 ²,
222 2091 288 2170 qui'
301 2089 447 2154 habitant
465 2089 558 2170 juxta
579 2109 751 2164 oceanum,
780 2104 813 2154 et
834 2091 1039 2170 patiebantur
1060 2090 1130 2150 vim
1151 2087 1239 2161 maris,

216 2170 595 2256 videlicetHollandos,
615 2175 783 2250 selandos,
804 2175 983 2250 Flandr'os,
1004 2190 1038 2237 et
1060 2171 1190 2254 adduxit
1207 2193 1240 2235 ex

138 2326 141 2335 p
222 2257 269 2322 eis
292 2257 460 2339 populum
475 2279 630 2342 magnum
651 2257 772 2332 nimis,
801 2273 835 2321 et
863 2259 1007 2337 habitare
1034 2257 1103 2321 eos‘
1125 2258 1196 2320 iecit
1214 2256 1241 2316 itt

223 2345 356 2418 urbibus
384 2359 419 2408 et
449 2339 576 2426 dppidis
604 2345 786 2406 Slavorum.
828 2345 873 2406 Et
900 2343 1101 2406 confortatus
1129 2357 1175 2406 est
1198 2359 1241 2404 ve·

159 2445 162 2451 '
221 2425 397 2492 humentes
418 2431 459 2490 ad
473 2429 654 2495 ,introitum
677 2429 895 2503 advenarum,
927 2425 1133 2510 episcopatus
1154 2429 1240 2490 'Bran

210 2513 461 2596 -denburgensis
483 2533 545 2578 nec
565 2533 636 2576 non
656 2511 956 2596 Havelbergensis,
989 2533 1032 2577 eo
1061 2514 1151 2594 quod
1176 2511 1240 2572 mul·

220 2595 446 2688 tiplicarenmr
474 2595 645 2674 ecclesiae,
679 2614 713 2662 et
742 2599 943 2660 decimarum
971 2599 1185 2674 succresceret
1206 2594 1240 2655 in·

223 2703 305 2766 gens
328 2683 503 2764 possessio.
546 2683 612 2750 Sed
633 2694 667 2756 et
687 2685 825 2746 australe
846 2683 921 2748 litus
943 2681 1065 2745 Albiae
1087 2683 1164 2764 ip'so,
1178 2695 1240 2762 tem·

223 2787 305 2848 pore
332 2783 513 2850 coeperunt
545 2768 689 2833 incolere
722 2763 982 2834 Hellandienses
1011 2770 1174 2842 advenae,
1209 2766 1239 2825 ab

195 2853 306 2916 ¹urbe
353 2854 562 2929 Saltvedele,
607 2873 742 2917 emnem
787 2869 907 2918 terram
944 2855 1123 2934 palustrem
1142 2866 1239 2931 ,atque

224 2955 456 3018 campestrem,
491 2955 624 3013 terram,
665 2957 753 3022 quae
770 2933 897 3004 'dicitur
936 2938 1194 3011 Balsemirlantle
1216 2948 1240 2996 et
1289 2991 1290 2996 ,

120 3088 123 3093 ,
156 3024 159 3036 “
224 3021 515 3098 Maracinerlande,
537 3013 684 3088 civitates
706 3037 739 3088 et
761 3023 1005 3106 oppida‘multa
1024 3023 1132 3098 valde,
1153 3039 1240 3100 usqne

57 3103 60 3116 ’
139 3101 141 3112 '
213 3108 268 3168 ad
294 3101 412 3170 saltum
440 3108 663 3202 anemicum,
690 3111 907 3189 possederunt
933 3101 1108 3170 Hollnndi.·
1158 3093 1242 3185 Siqui·

224 3191 306 3268 dem
336 3191 394 3256 has
428 3209 524 3256 terras
565 3194 710 3256 Saxones
751 3193 830 3255 olim
864 3193 1061 3257 inhabitasse
1097 3193 1238 3267 feruntur,

86 3357 89 3362 ἱ
226 3289 376 3358 tempore
400 3278 723 3354 scilicetottonum,
750 3295 787 3340 ut
809 3277 914 3341 videri
934 3271 1043 3360 potest
1063 3269 1099 3338 in
1121 3271 1239 3356 antiquit

183 3436 185 3441 Ι
212 3361 408 3443 aggeribus,
435 3361 493 3442 qui
516 3363 665 3445 congesti
685 3365 815 3428 fuerant
842 3383 942 3446 super
959 3363 1052 3444 *ripas
1080 3362 1195 3426 Albiae
1212 3359 1240 3419 in

198 3505 201 3510 ,
225 3447 308 3508 terra
329 3441 461 3526 palustri
482 3449 726 3524 Balsamorum,
753 3445 812 3513 bed
834 3447 1097 3530 praevalentibus
1118 3461 1239 3530 postne

114 3578 118 3587 .
173 3585 178 3590 .
226 3529 306 3592 dum
322 3531 454 3608 ulmis,
470 3533 616 3605 Saxones
638 3532 744 3610 occisi,
767 3549 800 3596 et
821 3547 903 3596 terra
925 3557 944 3596 a
965 3533 1069 3596 Slavis
1089 3551 1190 3612 usque
1208 3527 1239 3589 ad

209 3629 334 3678 ,nostra
363 3631 510 3700 tempora
541 3635 700 3700 possessa.
750 3619 850 3681 Nunc
879 3639 972 3694 vero,
1000 3617 1077 3702 quia
1106 3615 1238 3678 dominus

173 3701 177 3711 '
224 3699 301 3762 duci
328 3717 441 3764 nostro
475 3717 509 3766 et
536 3702 670 3768 caeteris
700 3701 899 3786 principibus
928 3705 1066 3768 salutem
1094 3719 1126 3765 et
1160 3699 1240 3761 sicto·

224 3784 305 3849 riam
326 3786 414 3867 large
436 3787 618 3863 contribuit,
640 3788 728 3852 Slavi
744 3807 988 3868 usquequaque
1004 3786 1139 3868 ‘protriti
1157 3800 1239 3862 atque

224 3870 371 3954 propulsi
392 3884 496 3949 sunt,
515 3886 549 3939 et
575 3889 741 3937 venerunt
769 3873 899 3936 adducti
926 3869 1114 3940 de,*finibus
1142 3864 1238 3932 oceani

62 4010 65 4020 .
121 4019 123 4026 ,
157 4021 191 4052 Α
224 3955 338 4038 populi
358 3957 459 4028 fortes
481 3973 514 4022 et
534 3959 799 4038 innumerabiles,
815 3963 849 4028 et
870 3957 1083 4024 obtinuerunt
1101 3953 1238 4104 teqqinos

42 4085 48 4113 ,
240 4057 250 4067 ‘
487 4053 489 4058 '
540 4085 542 4089 -
589 4067 594 4086 =
738 4078 741 4083 ·
1083 4085 1087 4095 1
1179 4055 1240 4101 avo·
