2664 4754
219 395 301 496 'ipa

228 579 359 651 sionem
374 567 579 670 hab‘eretpt
595 571 743 640 nocendi
765 565 947 651 materiam,
967 594 1045 638 cum
1068 571 1207 642 domina
1218 579 1280 662 Ty·

129 661 132 672 '
224 659 387 730 *heriadis
415 677 449 728 et
494 662 591 726 totius
631 661 779 724 Galileae
819 661 1065 724 matrimonium
1101 665 1278 728 contraxit.

139 765 142 772 “
229 751 332 814 Unde
354 751 438 824 lacta
459 748 565 814 estin
585 766 689 830 regno
712 745 895 828 periculosa
916 748 1014 810 valde
1038 763 1073 810 et
1092 751 1279 829 perniciosa

219 835 400 918 dissensio,
422 834 617 914 quibusdam
639 833 751 894 comiti
772 831 971 904 faventibus,
985 831 1057 897 aliis
1077 839 1190 897 autern
1210 836 1280 918 regi

161 909 163 926 ¹
229 915 493 984 adhaerentibus.
536 916 727 982 Attendens
750 915 849 998 igitur
871 917 1095 993 Salahadinus,
1118 936 1278 1000 tanquam

117 1071 122 1080 ,
228 1006 281 1070 'vir
302 1021 436 1082 astutus,
459 1019 492 1067 et
512 1003 548 1064 in
568 1003 617 1066 rei
638 999 785 1067 militaris
808 1003 984 1077 exercitio,
1017 1018 1050 1066 et
1072 1007 1278 1088 experientia

228 1091 430 1173 sufficienter
460 1089 652 1162 instructus,
690 1089 782 1168 quod
815 1107 971 1170 regnum¹
989 1087 1023 1148 in
1056 1105 1093 1150 se
1128 1091 1276 1154 divisum

228 1177 345 1240 fuisset
373 1176 573 1248 desolatum,
605 1187 639 1236 et
660 1169 695 1234 in
715 1173 880 1235 immenso
902 1172 1070 1253 ,foramine
1092 1175 1278 1241 discordiae

119 1308 126 1316 .
228 1263 326 1324 facile
348 1275 475 1342 pateret
499 1259 681 1340 ingressus,
703 1273 737 1321 et
759 1255 902 1320 maxime
931 1271 1063 1339 sumpta
1087 1260 1278 1338 occasione,

117 1415 118 1420 γ
228 1333 273 1410 ἑο
297 1347 388 1426 quod
409 1349 563 1428 princeps
584 1340 843 1424 Moutisregalis‚
874 1359 907 1406 et
936 1343 1033 1405 totius
1056 1358 1273 1426 terrae-trans

64 1487 68 1496 .
159 1427 163 1440 '
230 1429 422 1506 Jordanem,
445 1446 584 1514 treugas,
606 1445 686 1510 quas
704 1444 779 1512 cum
798 1425 978 1490 Sarracenis
998 1425 1111 1492 vicinis
1135 1431 1278 1495 habeba·

232 1537 326 1592 rnus,
347 1516 525 1578 maximam
547 1533 662 1578 eorum
686 1510 851 1596 praddam'
864 1513 1032 1589 auferens,
1055 1516 1276 1598 confregerat,

225 1623 276 1666 verr
304 1601 457 1664 omnibus
487 1599 639 1682 subiectis
666 1599 860 1680 regionibus
883 1593 1127 1662 multitudinem
1153 1623 1279 1684 pugna.

212 1703 341 1750 ·torum
364 1685 591 1768 congiegavit,
625 1685 865 1765 estegypto,
892 1683 1017 1746 Arabia
1040 1700 1073 1748 et
1095 1689 1276 1764 Damasco,

230 1770 375 1853 Halapia
402 1786 436 1834 et
465 1769 727 1851 Mesopotamia,
769 1784 835 1830 tam
856 1767 983 1848 equites
1011 1789 1111 1850 quarn
1134 1774 1273 1853 pedites,

166 1908 167 1916 ,
231 1873 344 1921 contra
354 1877 415 1918 nos
428 1855 655 1926 convocando.
676 1853 807 1918 Dicitur
823 1867 932 1916 autem
950 1853 1186 1937 quinquaginta
1204 1859 1276 1929 mil-¹

231 1941 276 2006 lia
298 1939 464 2021 equiturn,
487 1940 631 2022 exceptis
648 1938 826 2022 peditibus,
847 1937 881 2000 in
897 1938 1055 2002 comitatu
1070 1949 1135 2002 suo
1158 1963 1273 2006 secum

232 2026 378 2090 traxisse.
420 2025 593 2088 Praemisit
624 2039 734 2088 autern
769 2036 845 2087 ante
876 2024 994 2088 faciem
1027 2043 1120 2087 suam
1155 2031 1274 2094 decem

118 2131 140 2138 '⁴
198 2099 218 2138 ‘
232 2109 336 2174 millia
358 2109 539 2174 electorum
559 2109 723 2190 equitum,
753 2107 810 2188 qui
831 2127 892 2189 pet
912 2123 1027 2172 terram
1052 2112 1184 2184 comitis
1204 2115 1273 2178 Tri·

231 2195 384 2279 polit-ani,
407 2197 476 2276 qui'
486 2212 614 2277 treugas
636 2215 712 2256 oum
735 2193 915 2256 Sarracenis
937 2194 1094 2272 habebat,
1123 2189 1191 2279 per‘
1206 2221 1272 2282 par-

232 2297 282 2344 tes
304 2280 425 2344 scilicet
445 2280 638 2363 Tyberiadis
661 2295 694 2344 et
714 2279 900 2354 Nazareth,
927 2297 1033 2360 usque
1055 2284 1097 2344 ad
1118 2287 1273 2350 suburbia

166 2387 168 2401 ·
232 2367 354 2431 Accon
382 2367 592 2440 transierunt,
619 2381 656 2426 ut
676 2379 779 2446 more
797 2385 857 2427 suo
874 2380 1014 2432 ¹nostros
1030 2387 1273 2446 provocarent:

231 2451 260 2516 si
282 2454 367 2515 forte
386 2454 517 2514 incaute
544 2451 603 2514 vel
628 2451 812 2514 inordinate
838 2451 1115 2532 prosequentibus
1144 2457 1272 2534 nostris,

230 2551 368 2620 possent
396 2555 454 2600 eos
482 2535 643 2618 perimere
671 2537 728 2600 vel
754 2533 902 2616 captivos
934 2535 1095 2612 retinerer
1132 2551 1198 2603 nec
1231 2544 1273 2605 ef·

88 2641 93 2651 ·
175 2671 177 2679 ,
230 2624 322 2687 fectu
354 2622 454 2684 caruit
485 2635 587 2684 astuta
625 2621 802 2702 impiorum
841 2620 1049 2685 machinatio.
1114 2627 1272 2708 Magister

231 2709 326 2773 enim
362 2707 495 2771 militiae
534 2706 650 2789 templi
688 2717 765 2769 cum
802 2705 950 2787 iratribus
989 2709 1056 2772 suis
1095 2699 1271 2792 plusqdam

232 2793 436 2876 septuaginta
457 2793 585 2857 incaute
607 2791 793 2876 egrediens,
818 2813 894 2854 cum
915 2792 1068 2876 magistro
1090 2796 1269 2878 hospitalis,

230 2879 288 2960 qui
311 2879 556 2942 cumfratribus
585 2879 652 2942 suis
680 2875 797 2941 decem
826 2879 868 2940 de
898 2881 1029 2944 castello
1052 2899 1113 2942 suo
1135 2884 1269 2946 Belvoir

228 2963 464 3036 reuertebatur,
485 2963 651 3032 interclusi
673 2975 749 3030 sunt
768 2966 810 3026 ab
830 2964 879 3026 eis
893 2963 986 3044 juxta
1003 2967 1108 3028 casale
1120 2967 1266 3032 Roberti.

126 3099 138 3110 ..
227 3048 324 3114 Licet
350 3064 461 3112 autem
486 3049 649 3112 nonnisi
675 3047 810 3111 centum
836 3048 953 3130 viginti
975 3050 1092 3114 milites
1115 3051 1150 3112 in
1174 3053 1269 3115 corni·

230 3149 299 3198 tatu
320 3155 380 3200 suo
404 3135 578 3209 haberent,
612 3135 730 3196 decem
760 3133 901 3198 millibus
924 3136 1178 3206 Sarracenorum
1199 3137 1267 3200 vin'-

225 3219 301 3283 liter
321 3219 523 3294 resistentes,
556 3218 665 3282 multis
689 3235 732 3282 ex
749 3220 797 3284 eis
817 3219 1009 3294 interfectis,
1034 3219 1105 3302 ¹ipsi
1134 3226 1266 3286 tandem

226 3305 297 3370 fere
320 3326 445 3385 omnes,
459 3303 619 3369 intellecti
639 3322 726 3381 sunt,
748 3305 804 3368 vel
824 3304 953 3380 retenti,
974 3307 1134 3390 Magistro
1157 3324 1267 3372 autem

227 3393 342 3474 templi
364 3411 438 3453 curn
462 3390 572 3472 paucis
594 3391 672 3474 luga
694 3392 821 3470 elapso,
842 3389 1000 3472 Magistro
1022 3409 1104 3456 vero
1128 3393 1266 3478 hospita·

225 3474 265 3538 lis
295 3477 470 3553 trucidato,
503 3478 610 3558 primo
640 3477 694 3540 die
716 3475 799 3555 Maji
826 3485 994 3538 cruentam
1015 3477 1057 3538 de
1079 3482 1203 3542 nostris
1224 3501 1268 3544 re·

150 3631 155 3642 1
221 3577 440 3644 portaverunt
467 3561 650 3624 victoriam.
692 3560 746 3629 Ex
775 3577 842 3639 quo
871 3560 956 3623 iacto
986 3562 1205 3628 animosiores
1228 3565 1269 3630 ef·

223 3644 302 3711 fecti
325 3637 502 3722 Sarracsni,
524 3667 640 3710 mense
662 3643 752 3709 Jullo
775 3646 944 3724 sequenti,
964 3646 1120 3710 omnibus
1143 3649 1267 3714 viribus

225 3733 291 3796 suis
313 3731 348 3794 in
370 3745 476 3793 unum
496 3729 700 3816 congregatis
719 3731 868 3796 ultimam
885 3731 979 3813 regni
995 3731 1097 3794 nostri
1115 3755 1160 3798 ex
1178 3752 1268 3817 parte

223 3817 380 3881 Damasci
401 3817 585 3893 'civitatem
606 3814 830 3898 Tyberiadem
852 3815 1017 3896 videlicet,
1047 3811 1265 3884 obsederunt.

132 3930 174 3964 ..ι
223 3903 298 3968 iam
321 3903 410 3968 enim
434 3903 546 3966 comes
563 3902 796 3986 Tripolitanos,
818 3900 911 3984 culus
932 3918 1001 3968 erat
1022 3902 1150 3981 civitas,
1172 3927 1192 3968 a
1205 3909 1267 3970 Sar·

152 4042 156 4050 Ι
223 3989 360 4068 moenis,
381 3987 483 4086 ruptis
505 3989 636 4074 treugis,
656 3991 844 4067 recesserat,
861 4008 905 4054 eo
926 3989 1019 4074 quod
1039 3987 1267 4074 imponeretur

516 4095 519 4108 ’
590 4081 593 4086 ’
679 4117 681 4121 -
1005 4076 1013 4092 ”
1198 4077 1267 4157 sibi,
