2628 4748
843 368 899 390 ”
984 407 1063 493 sss

4 585 220 690 parcendum
248 602 313 668 erit
325 599 458 702 pietati,
485 599 565 684 quta
593 614 672 666 tunc
691 595 795 666 nuile
805 601 985 668 n'ests‘ssitas
1006 601 1068 665 ho

4 691 143 754 aestatis
162 703 303 752 causam
324 687 567 770 intercesserat,
589 690 649 750 sed
670 705 809 752 tanturm
818 691 891 751 solo
902 689 1069 772 ‘facnoms
1090 731 1099 760 2

4 777 137 874 impetu
162 789 279 837 contra
300 774 393 836 illum
415 783 668 857 perstrepente.
697 775 791 835 Hic
785 790 906 838 autern
937 775 997 839 alia
1018 783 1068 836 ra··'

6 863 53 926 tio
77 873 222 948 pactum
243 851 415 933 reformat,
449 858 505 920 ubi
526 869 646 922 omues
668 872 815 923 extrema
834 874 932 948 urget
953 872 1068 927 neces·

7 950 96 1020 sitas,
119 936 248 1026 quibus
268 943 332 1006 nisi
353 957 409 1004 tua
429 943 546 1006 festina
568 959 731 1006 succurrat
753 940 936 1019 clementia,
965 937 1104 1005 saffo-f

8 1033 72 1095 cari
93 1039 242 1094 necesse
262 1045 327 1104 est,
340 1045 419 1090 cum
441 1018 544 1090 nulla'
555 1027 596 1091 sit
617 1020 878 1112 transmigrandi
874 1030 1030 1091 facultas.
1034 1032 1070 1068 “‘
1179 1027 1182 1035 ’

9 1119 79 1181 Vix
101 1114 221 1196 itaque
250 1129 324 1186 tam
343 1113 464 1176 crebris
482 1112 653 1196 episcopi
661 1116 792 1178 Gothiae
825 1129 875 1176 ac
890 1123 1069 1196 procerum

10 1201 173 1280 instantiis
217 1197 430 1280 importunis,
469 1215 568 1282 quam
602 1199 872 1262 amicissimorum
903 1200 1064 1281 impulsus
1117 1225 1147 1269 2·

12 1285 170 1359 consiliis,
198 1284 392 1348 Cracoviam
414 1290 489 1344 cum
513 1285 623 1366 paucis
646 1285 720 1362 adit,
742 1307 787 1348 ne
805 1285 951 1348 violenta
973 1297 1065 1346 obcu-
1113 1287 1120 1324 ¹¹
1166 1354 1167 1362 ἵ

14 1371 102 1454 patio
137 1373 219 1454 plus
253 1369 405 1433 videatur
415 1369 564 1448 illius,
577 1386 676 1450 quam
708 1373 859 1434 ultronea
873 1386 1065 1452 procerum
1183 1439 1186 1448 Δ
1260 1409 1265 1418 ,

18 1457 139 1520 eiectio
172 1470 210 1526 et
280 1455 466 1546 ωῐηᾳηίεμ
463 1453 694 1517 Occurrunt
691 1457 726 1520 ei
754 1439 956 1518 inedicibiles'
978 1469 1079 1516 exer·
1122 1489 1124 1494 .
1200 1470 1203 1488 ¹
1292 1472 1306 1528 ’ἵ

17 1543 106 1615 citus,
128 1527 350 1604 innumerose
366 1531 566 1602 catervatim
585 1540 733 1620 undique
754 1543 868 1603 'turbae
886 1539 1066 1612 confluunt,

18 1628 224 1710 gratulantur
252 1637 287 1690 et
313 1626 475 1696 exultant,
507 1635 626 1687 omnes
659 1629 880 1688 saluatorem
877 1623 1066 1687 advenisse

18 1714 235 1812 proclamant.
301 1710 420 1774 Omnis
455 1705 549 1771 illum
582 1712 844 1774 Cracovitaruin
861 1710 1090 1790 amplectitur*
1132 1749 1138 1758 t

22 1796 183 1870 conditio,
223 1793 331 1858 omnis
355 1809 440 1858 aetas
464 1811 496 1856 et
518 1794 655 1875 dignitas
677 1812 825 1859 venerat.
869 1795 998 1857 Omnes
1020 1793 1068 1855 iiii

19 1881 240 1980 jurisjurandi
254 1879 448 1962 religionem
472 1881 713 1980 constringunt,
737 1880 897 1960 omnique
919 1894 1068 1960 tempore

25 1969 198 2051 mopituros
233 1983 292 2048 pro
327 1965 383 2027 illo
419 1965 678 2028 constantissime
715 1967 936 2048 spopbndent.
1003 1966 1070 2026 Sed

25 2055 207 2118 Mesacone
232 2066 348 2112 omnes
372 2047 442 2131 ejus
462 2048 617 2112 carissimi
637 2043 834 2130 dilabuntur,
856 2048 1069 2114 etKazimiro
1135 2083 1138 2091 ·

28 2137 131 2198 animo
160 2138 303 2199 firmiter
324 2135 512 2198 adbaerent.
556 2137 651 2198 Inter
671 2153 754 2214 quos
778 2136 874 2208 Odo,
903 2135 971 2198 dux
992 2135 1072 2196 Pos-

28 2221 190 2284 naniensis
216 2222 289 2302 ejus
311 2235 576 2304 primogenitum&
590 2219 692 2282 hostis
721 2219 937 2282 atrocissimus
961 2219 1072 2296 eidem

30 2307 180 2381 efficitur,'
197 2325 302 2388 prope
325 2305 473 2368 radicem
492 2304 605 2386 stipitis
629 2304 807 2368 eradicatae
829 2305 1016 2378 intendens,
1039 2321 1072 2367 et

31 2393 90 2458 bbc
105 2391 198 2454 'ideo
213 2403 433 2453 ut‘novercae
455 2389 549 2464 iiiios,
573 2389 691 2469 quibus
714 2406 806 2470 pater
827 2407 902 2474 post
922 2409 958 2452 se
980 2389 1074 2469 regni

32 2479 275 2540 successionem
314 2477 546 2557 spoponderat,
585 2491 708 2538 arceret
749 2495 766 2535 a
799 2495 914 2556 regnu
967 2475 1084 2556 Igitur·

32 2561 178 2643 princeps
202 2564 341 2624 Meszco
364 2563 438 2642 plus
459 2579 595 2622 errorum
618 2559 849 2660 persecutione
872 2575 904 2621 et
926 2557 1073 2640 perfidia,

35 2666 127 2724 quam
161 2647 265 2711 fratris
299 2645 429 2708 eliditur
461 2645 578 2720 armis,
601 2645 669 2724 qui
702 2649 790 2706 ann'o
806 2645 961 2713 Domini
993 2659 1072 2722 1177

35 2751 116 2811 pene
139 2733 179 2793 ab
200 2731 355 2800 omnibus
373 2731 531 2804 desertus,
554 2731 673 2814 patriae
693 2731 807 2792 simul
815 2729 901 2794 cedit
922 2743 955 2792 et
971 2749 1075 2810 regno
1150 2785 1157 2798 ,

37 2836 108 2876 curn
128 2837 237 2879 uxore
260 2829 292 2880 et
314 2817 413 2876 tribus
436 2815 520 2890 liliis,
534 2814 774 2879 Rathiboriensi
803 2829 977 2876 contentus
989 2833 1079 2894 oppr

40 2902 124 2963 dulo
168 2901 396 2966 Circumdaut
410 2901 503 2966 illum
526 2901 780 2962 infortuniorum
804 2899 943 2986 agmina.
969 2901 1077 2961 Nam

39 3005 135 3066 gener
157 2987 230 3067 ejus
251 2987 431 3060 Boleslaus‚
454 2986 680 3048 bohemorum
699 2986 860 3067 princeps,
884 3005 900 3046 a
919 3003 1045 3068 regno
1040 2973 1079 3044 si'·

39 3072 152 3134 militer
172 3085 286 3134 manet
310 3073 510 3154 profugatus,
534 3067 614 3132 alter
634 3086 787 3152 generet
806 3073 895 3145 alter,
917 3061 1078 3132 saxoniae
1148 3099 1153 3120 ι

43 3169 72 3216 et
87 3157 245 3218 Bavariae
268 3157 379 3232 duces,
403 3161 441 3218 ab
465 3156 611 3216 hostibus
633 3157 782 3236 undique
804 3153 1024 3249 impetuntum
1048 3168 1081 3218 st

44 3241 84 3301 sio
106 3261 124 3302 a
146 3243 267 3320 quibus
290 3241 458 3304 subsidiari
475 3241 645 3321 sperabat,
676 3241 921 3307 necessitalibus
945 3239 1081 3321 propriis
1172 3273 1175 3283 -

45 3326 122 3387 adeo
145 3341 321 3407 urgentur,
349 3329 440 3426 quod
463 3323 560 3387 sibi
550 3345 588 3388 tn
616 3329 709 3388 nullo
733 3342 884 3407 poterant
871 3325 1082 3407 tsul'iragari.

43 3409 167 3474 Omnes
185 3429 321 3492 quoque
338 3411 573 3474 maritimorum
591 3413 756 3492 praesides
779 3429 812 3476 et
834 3413 988 3496 praefecti
1010 3431 1081 3471 non

46 3495 147 3555 solum
169 3497 371 3577 obsequelae
399 3495 593 3558 renunciant
620 3497 786 3578 ejusdem,
822 3499 882 3560 sed
904 3495 1084 3558 hostilitatis

48 3598 130 3640 arma
144 3581 185 3645 in
208 3598 287 3644 eum
313 3597 519 3673 capescunt,
529 3599 645 3646 omnes
668 3583 860 3646 Kazimiri
851 3583 1004 3663 imperio
1013 3583 1086 3650 suls·
1154 3625 1155 3630 η

49 3677 116 3726 esse
138 3669 294 3746 gaudent.
339 3667 401 3730 Cui
431 3663 510 3728 dum
541 3685 658 3730 omnes
685 3670 802 3743 urbes,
835 3667 985 3730 omnium
1015 3689 1086 3748 pro·

48 3747 222 3810 vincimum
245 3767 278 3814 et
299 3751 478 3832 municipia
500 3751 634 3834 gratuita
657 3739 866 3853 patefierent,
900 3752 972 3818 siue
995 3753 1084 3815 bello
1178 3807 1182 3820 ,
1263 3821 1267 3834 Ι

49 3827 131 3894 solus
153 3837 307 3914 Messio,
331 3837 509 3902 Wiadislai
527 3837 632 3902 erulis
653 3838 907 3920 primogenitus,
929 3833 1084 3900 Boleslao
1169 3867 1171 3884 ‹

51 3914 139 3982 fratre
167 3940 323 4002 germano
353 3924 504 4004 expulso,
534 3924 625 3985 visus
655 3940 713 3986 est
733 3946 809 3986 cum
831 3926 996 4024 §alesiam
1015 3941 1106 4002 pro·
1157 3972 1164 3989 ,

52 4000 154 4122 vincia
172 4007 345 4076 rebellare.
387 4009 560 4140 Quem
524 4007 710 4075 Karimirus
725 4031 813 4121 upa
812 4007 910 4074 minis
928 4021 963 4074 et
979 4006 1095 4154 arinisd,

1027 4111 1063 4157 ΒΘ
