2628 4748
46 607 232 719 proposito:
258 596 327 688 'sed
344 641 434 686 nunc
463 597 850 706 compensaiiontm'siiii
870 619 1019 691 mutuam
1040 638 1089 692 rei
1191 623 1193 628 ’
1281 603 1284 608 ¹

45 708 140 791 poni,
166 707 260 794 quod
282 727 360 770 eutn
382 709 451 800 sola
472 709 572 792 gratia
592 711 745 786 socium,
765 725 798 776 et
819 712 945 774 consilii
966 710 1094 796 partiti?

45 807 122 876 pem
148 791 332 868 ascivisset,
365 795 540 878 cumejus
557 815 627 858 non
647 793 809 878 indigeret
831 796 953 858 auxilio
983 803 1016 862 e't
1044 801 1095 860 eo‘

47 881 183 962 quidem
206 877 329 960 ignaro,
352 881 407 940 a¹ut
429 880 527 944 etiarn
543 875 722 949 reluctante
741 871 836 944 lacile
858 883 979 964 posset,
998 883 1096 964 qnod

47 961 273 1046 proposuerit,
298 962 496 1048 adimplere·
539 967 671 1029 Verum
699 963 783 1029 banc
807 968 847 1028 ad
869 977 1023 1048 praesens
1045 967 1094 1030 nie·

47 1049 91 1110 hil
119 1047 265 1111 obfuisse
294 1047 505 1112 discordiams
535 1071 599 1124 nec
627 1051 715 1114 enim
750 1055 833 1116 esse'
848 1050 917 1132 jam
940 1051 1089 1125 dubium,
1142 1121 1144 1126 ,

48 1133 127 1214 quid
149 1132 185 1195 in
208 1129 375 1196 tali³socio
405 1135 476 1217 spei
502 1135 563 1204 sihi
594 1139 712 1200 debeat
738 1157 919 1204 reservare.
963 1140 1122 1206 Praete-¹

48 1239 101 1280 rea
124 1219 195 1300 jam
225 1237 266 1290 se
290 1219 461 1300 poenitere
483 1221 675 1302 propositi,·.
692 1222 906 1302 animumque
928 1226 1026 1284 suum
1049 1225 1088 1282 ab

47 1302 201 1384 incoepto
231 1303 362 1386 penitus
392 1305 565 1380 avertisse,
595 1326 827 1388 necunquam
851 1307 1006 1388 deinceps
1028 1308 1092 1370 tale

50 1387 216 1470 quidpiam
237 1389 464 1452 admissurum.
510 1393 608 1455 Tunc
631 1391 903 1474 archiepiscopus,
920 1391 1097 1462 licet'haec'

49 1491 123 1537 eum
145 1473 202 1536 ert·
214 1473 325 1535 animo
348 1475 466 1540 dixisse
480 1495 560 1538 'non
577 1477 741 1548 crederet:
764 1477 845 1558 opti
869 1491 927 1540 um
946 1475 1099 1556 quidem,

52 1559 107 1634 ait,
140 1573 174 1621 et
197 1559 275 1620 satis
297 1563 547 1642 approbandum
576 1562 759 1636 consilium,
780 1583 824 1622 na
881 1575 916 1625 et
937 1581 992 1624 me
1015 1580 1096 1639 quo·

52 1659 113 1726 que
134 1637 215 1705 iacii
238 1645 380 1708 deterret
408 1644 572 1720 atrocitas,
605 1638 670 1709 nec
699 1648 821 1726 absque
850 1646 961 1732 sal'ptis
990 1659 1024 1709 et
1051 1645 1097 1706 fat
1135 1651 1138 1659 '

52 1747 121 1795 mae
149 1742 282 1794 nostrae
311 1731 458 1811 periculo
486 1735 598 1813 posset
625 1731 690 1792 hoc
716 1719 798 1794 fieri.
842 1734 896 1794 In·
915 1731 1003 1792 hunc
1027 1739 1092 1792 mo·

54 1815 128 1876 dum
167 1829 351 1878 contractae
393 1817 520 1876 'dudum
559 1815 720 1880 societatis
751 1817 889 1881 foedere
915 1814 1092 1890 dissoluto,

54 1897 141 1981 Majo
164 1899 328 1974 discessit,
361 1899 521 1981 toli-siam
545 1921 581 1964 se
603 1901 736 1963 nisibus·
748 1915 943 1984 praeparans
965 1899 1093 1962 ultioni.

54 1983 105 2048 Ac
133 1986 242 2070 primo
271 1985 407 2064 quidem*
439 2003 514 2068 erga
543 1985 735 2048 sociumita
757 1987 840 2068 regis
859 1985 1011 2048 animuin
1034 1989 1100 2066 spe*
1181 2020 1184 2035 ι

54 2069 139 2146 lucri,
161 2087 196 2132 ut
218 2085 284 2132 erat
302 2071 538 2151 cupidissimus,
560 2069 704 2145 irritaiit,
720 2077 759 2134 ui
776 2070 973 2152 septigentas
992 2073 1032 2132 ab
1049 2089 1094 2131 eo

57 2155 119 2216 auri
140 2159 255 2219 uncias
279 2171 499 2234 extorqueret.
556 2155 606 2220 At
627 2157 905 2237 ille‚·qt1anquam
929 2153 1101 2237 ejusmodi·
1155 2175 1157 2182 ’

54 2241 169 2320 jactura
197 2240 276 2301 satis
310 2241 484 2304 efficaciter
515 2241 556 2302 ad
591 2240 712 2308 doloris
747 2263 825 2304 eum
859 2239 1120 2323 impatientiam-

57 2325 280 2406 permovisset,
302 2327 429 2407 pudore
452 2339 563 2388 tamen
586 2340 619 2390 et
639 2323 829 2408 indignitate
851 2326 901 2390 rei
916 2326 1097 2389 vehemen-

58 2410 114 2472 t'us
137 2407 344 2486 exaestuans,
368 2414 473 2473 totum
496 2411 536 2472 ad
560 2411 632 2494 ejus
646 2411 700 2476 rei
724 2411 900 2473 vindictam
920 2409 1093 2492 ingenium

25 2523 27 2530 ·
58 2489 223 2559 translulit.
266 2499 430 2577 Cumque
442 2495 529 2577 prius
553 2507 641 2558 tanto
663 2497 751 2578 pacis
774 2489 811 2558 ac
830 2493 1012 2558 dilectionis
1030 2477 1102 2557 loe*

61 2581 133 2662 dere
150 2589 345 2644 tenerentur
366 2581 501 2656 astricti,
532 2598 571 2642 ut
599 2599 635 2645 se
657 2583 770 2643 iratres
791 2573 942 2651 invicem'
959 2577 1099 2662 appella·
1124 2657 1126 2664 Ι

60 2683 144 2742 rent,
172 2687 265 2728 nunc
287 2666 398 2747 hostes
429 2663 634 2742 atrocissimi,
670 2664 880 2739 sedocculti,
902 2664 938 2726 in
961 2663 1099 2726 exitium

61 2765 152 2812 suum
172 2751 282 2832 plenis
306 2755 528 2833 operabantur
549 2751 740 2826 affectibus,
754 2741 841 2812 xnon
859 2750 927 2831 jam
951 2747 1097 2812 fortunas

62 2834 135 2898 a'lter
156 2835 288 2900 alterius
310 2836 466 2918 petituri,
489 2837 548 2900 sed
570 2837 657 2902 vitae
680 2835 871 2918 dispendio,
899 2850 1098 2914 poenaeque

62 2920 166 3004 capitis
188 2922 412 2995 imminentes.
455 2919 650 2984 Admiratus
679 2921 769 2986 enim
798 2919 951 3002 pestifera
973 2918 1104 2981 veneni

63 3008 191 3086 potione
214 3007 431 3070 meditabatur
451 3008 544 3070 illum
567 3006 777 3088 extinguere,
799 3006 841 3066 ad
863 3003 963 3084 idque
985 3004 1097 3064 locum

65 3109 99 3152 ac
124 3107 253 3174 tempus
282 3095 539 3174 praestolabatur
566 3089 736 3154 idoneum.
782 3088 854 3158 =At'
878 3087 934 3151 ille
965 3089 1104 3151 detestas
1141 3111 1143 3118 ¹

65 3173 127 3238 bile
148 3177 292 3258 Majonis
321 3178 446 3239 facinus
469 3191 534 3236 tam
557 3197 617 3257 per
637 3195 690 3250 se,
724 3193 822 3256 quarn
845 3182 905 3254 pei
925 3172 1099 3236 familiares

67 3271 137 3321 suos
165 3262 278 3340 uiuitis
302 3263 478 3344 detegens,
511 3263 552 3322 ad
580 3257 759 3335 vindictam
788 3277 846 3324 eos
870 3258 948 3320 tanti
970 3259 1107 3330 sceleris

66 3343 264 3422 hortabatur,
296 3362 331 3410 et
355 3347 423 3427 jam
454 3339 647 3426 conceptam
677 3348 783 3409 de'sc
811 3341 1108 3426 suspicionem·re·'

68 3447 217 3505 movens,
230 3433 395 3494 adversus
408 3431 509 3502 ¹illurn
528 3431 638 3513 'plebis
661 3431 789 3493 animos
807 3428 1107 3505 irritabat-aculcos

68 3513 159 3577 etiam
187 3516 305 3580 milites
335 3537 371 3578 ac
400 3517 528 3582 nobiles
558 3515 646 3578 viros
668 3514 814 3598 plurimis
837 3514 900 3578 sibi
922 3516 1131 3597 persuasim-

55 3597 157 3661 ·nibus
180 3601 333 3665 alliciens.
373 3603 444 3664 Sub
474 3621 514 3666 ea
544 3615 737 3683 tempestate
759 3589 916 3684 Nicolan's
937 3601 1121 3683 Lugothej
1179 3653 1183 3660 .

70 3693 131 3757 tus,
163 3686 218 3766 qui
241 3699 318 3754 tunc
340 3686 566 3751 inCalabriae
589 3686 739 3768 partibus,
751 3685 846 3768 jussu
870 3682 979 3748 curiae
996 3698 1105 3749 mora·
1187 3732 1188 3735 ,

69 3765 172 3844 batur,
202 3769 332 3852 Majoni
361 3770 488 3853 scripsit
516 3771 704 3854 epistolam,
735 3771 794 3833 ubi
809 3767 971 3852 quicquid
996 3781 1014 3832 s
1038 3771 1105 3831 Ma·
1161 3847 1163 3854 s

70 3849 163 3915 thaeo
190 3857 333 3922 Bonellu
362 3872 491 3938 gestum
521 3859 837 3938 fuerat,·psdtaque
858 3854 944 3920 inter
971 3863 1048 3920 eum
1071 3865 1106 3916 et
1139 3933 1142 3936 ῃ

71 3937 260 4032 comitissam
284 3938 504 4008 catacensem
532 3941 676 4024 habita,f
691 3955 789 4023 prout
819 3941 920 4005 relata
949 3929 1106 4002 didicerat

54 4037 256 4108 xantonum,
285 4027 430 4096 breviter
452 4027 651 4098 euomuit·-
683 4028 742 4094 aa
767 4023 1106 4122 res-primedubism

86 4153 94 4169 t
138 4148 144 4160 ι
289 4117 301 4138 ‘
742 4121 776 4134 '⁸
920 4159 922 4168 ,
1012 4119 1016 4129 ’
1042 4127 1105 4180 rtrt
