2664 4754
176 373 420 482 tho·
569 372 844 474 .',''

226 551 456 630 concedimus,
488 551 821 642 ubilterurucopia,
853 552 911 619 ubi
937 555 1067 636 amplae
1090 554 1272 616 domuset

226 639 387 724 spatiosae
409 641 492 717 satis,
516 653 549 702 et
568 639 626 700 ubi
647 659 755 701 mores
779 635 901 701 civium
918 655 999 726 'sunt
1021 637 1177 722 benigni3
1215 639 1271 700 ubi

185 765 189 776 ·
224 727 327 802 edam
355 723 534 793 necessaria
560 725 648 788 vitae
676 723 852 789 hominum
878 745 938 806 per
966 739 1066 796 terras
1095 741 1130 790 et
1152 723 1272 796 mariti-

172 869 189 886 ,
228 832 298 878 tuas
320 811 413 876 facile
436 809 704 884 transvehuntur,
734 807 856 890 quibus
875 829 934 890 per
953 830 1015 872 nos
1037 812 1128 890 ipsos
1151 809 1272 871 utilita-
1320 863 1321 900 ,

137 893 156 968 ’,ι
227 912 278 972 ,tes
307 896 508 978 quaerimus,
536 893 743 961 conditiones
769 893 990 976 disponimus,
1020 895 1197 976 magistros
1228 893 1272 954 in-

227 983 443 1066 yettigamus,
465 983 553 1042 bona
573 977 807 1062 promittimus,
841 993 874 1042 et
895 979 954 1056 eis,
974 1000 1057 1060 quos
1080 980 1205 1063 dignos
1229 977 1263 1040 vi

160 1101 165 1110 «
228 1065 385 1142 derirnus,
408 1064 542 1127 donaria
562 1064 783 1128 conferemus.
823 1065 907 1128 Illos
935 1063 1098 1146 siquidem
1128 1065 1163 1126 in
1197 1085 1272 1126 con-

226 1165 542 1236 spectuparentunt
569 1169 706 1212 suorum
734 1139 898 1232 ponimus,
925 1147 1075 1214 amultis
1098 1147 1271 1212 laboribus

228 1233 415 1312 liberamus,
437 1257 456 1304 a
476 1231 583 1320 longis
604 1233 774 1304 itineribus
796 1249 830 1298 et
849 1234 942 1314 quasi
962 1232 1145 1317 peregrinis
1165 1235 1272 1302 absol·

169 1359 192 1374 „
230 1319 355 1398 vimus:
382 1319 455 1382 illos
478 1336 564 1382 tutos
584 1309 721 1382 facimus
743 1319 783 1398 ab
804 1317 931 1384 insidiis
951 1321 1205 1403 praedatorum:
1241 1335 1272 1383 et

227 1405 288 1486 qui
309 1406 529 1488 spoliabantur
548 1403 685 1468 fortunis
707 1404 773 1466 suis
795 1419 829 1468 et
849 1405 962 1480 rebus,
983 1403 1082 1488 longa
1105 1419 1271 1468 terrarum

198 1567 204 1581 ι
227 1490 332 1574 spatia
359 1507 583 1574 peragrantes,
613 1489 744 1552 scholas
771 1509 846 1550 suas
867 1489 1045 1554 levioribus
1068 1489 1269 1571 sumptibus,

220 1589 269 1642 et
291 1575 496 1639 brevioribus
524 1573 670 1638 cursibus
700 1595 718 1636 a
740 1573 930 1637 liberalitate
944 1590 1067 1658 ¹nostra
1088 1594 1126 1638 se
1149 1577 1272 1656 gaude·
1321 1585 1322 1588 ’

228 1675 287 1724 ant
307 1676 479 1742 assecutos.
525 1662 583 1724 De
608 1679 750 1723 numero
767 1674 889 1748 'autern
911 1659 1149 1742 praelatorum,
1184 1675 1272 1739 quos

227 1743 276 1810 ibi
298 1745 450 1810 duximus
472 1747 692 1820 destinandos,
715 1743 871 1806 mittimus
892 1745 1080 1827 magistrum
1103 1747 1148 1808 de
1165 1743 1271 1809 Vara-

203 1851 274 1898 vno
293 1830 448 1911 judicem,
467 1847 503 1896 ⁴et
524 1829 713 1928 magistrum
735 1831 871 1892 Petrum
887 1828 1128 1912 do'Hybernia,
1149 1830 1271 1894 fideles

225 1931 374 1991 nostros,
414 1913 518 1977 civilis
555 1917 710 1980 scientiae
747 1914 965 1996 professores,
1005 1918 1093 1976 viros
1125 1936 1269 1998 magnae

141 2019 146 2028 “
226 2000 401 2075 scientiae,
428 2015 527 2062 notae
554 1997 696 2074 virtutis,
725 2016 758 2064 et
783 1999 889 2062 fidelis
911 1999 1144 2080 experientiae,
1167 2021 1270 2081 quam
1322 2017 1323 2044 ³

198 2111 201 2122 ·
228 2099 359 2148 nostrae
381 2103 512 2164 semper
535 2083 756 2148 exhibuerunt
780 2101 814 2146 et
837 2083 995 2148 exhibent
1016 2086 1196 2166 majestatie
1227 2088 1268 2149 de
1322 2093 1323 2098 ’

227 2170 366 2250 quibus,
394 2169 477 2238 sicut
497 2171 539 2232 de
561 2169 722 2248 aliquibus
744 2167 838 2252 regni
859 2169 960 2232 nostri
981 2171 1153 2246 fidelibus,
1185 2171 1269 2231 fidu·

226 2255 312 2322 dam
329 2254 683 2338 gerimus'pleniorem,
723 2255 891 2317 Volumus
905 2253 1003 2336 igitur
1019 2271 1053 2318 et
1070 2257 1269 2318 mandamus

229 2340 325 2404 vobis
346 2341 514 2412 omnibus,
547 2339 606 2420 qui
627 2339 810 2422 prouincias
831 2340 957 2420 regitis,
1003 2342 1127 2422 quique
1169 2340 1268 2403 admi-

226 2425 472 2490 nistrationibus
494 2425 698 2508 praesidetis,
719 2441 756 2488 ut
777 2425 858 2488 haec
880 2425 990 2487 omnia
1012 2427 1130 2507 passim
1155 2443 1190 2490 et
1213 2449 1268 2508 pu·

188 2586 189 2595 χ
224 2509 316 2574 blice
335 2513 541 2594 proponatis,
577 2527 611 2574 et
635 2509 810 2592 injungatis
832 2511 893 2572 sub
914 2531 1024 2592 poena
1047 2531 1266 2592 personarum
1323 2519 1324 2612 ἶ

227 2611 265 2660 et
283 2616 411 2672 rerum,
447 2609 483 2656 ut
509 2595 619 2658 nullus
648 2595 800 2666 scholaris
827 2595 960 2677 legendi
981 2615 1077 2658 causa
1099 2597 1191 2660 exire
1215 2619 1257 2658 au
1323 2629 1324 2658 ι

222 2682 307 2744 -deat
327 2697 417 2744 extra
438 2695 587 2764 regnunt,
608 2700 671 2744 nec
691 2681 774 2742 iutra
795 2699 935 2762 regnunt
957 2681 1072 2763 aliquis
1093 2682 1283 2748 addiscere.
1323 2687 1324 2754 Ϊ

227 2767 349 2830 audeat
368 2765 448 2826 alibi
469 2765 523 2826 vel
544 2765 681 2828 docere:
716 2766 827 2846 etqui
855 2767 897 2828 de
918 2785 1020 2848 regno
1041 2781 1136 2842 sunt,
1175 2783 1263 2829 extra

224 2871 368 2932 regnum
389 2851 423 2912 in
444 2848 562 2914 scholis
583 2851 784 2932 snb'poena·
797 2848 960 2934 praedicta
988 2860 1105 2912 eornm
1128 2853 1263 2932 parenti·

166 2967 170 2982 ι
227 2937 290 2998 bus
317 2933 506 3018 injungatis,
540 2949 577 2996 ut
597 2949 702 3014 usque
737 2938 778 3000 ad
806 2938 926 3000 festum
960 2937 1061 2998 sancti
1089 2937 1262 3001 Michaelis

224 3039 318 3084 nunc
343 3013 504 3102 pr'oximo,
524 3037 745 3084 revertanttm
775 3021 990 3086 Conditiones
1020 3038 1148 3096 autem,
1184 3042 1262 3103 quas

209 3105 429 3188 ,scholaribus
451 3105 674 3182 concedimus,
696 3124 791 3168 erunt
812 3107 908 3171 istaes
928 3105 965 3168 in
987 3107 1095 3187 primis
1113 3111 1207 3187 quod
1228 3107 1263 3180 in¹

226 3191 360 3254 civitate
386 3191 547 3272 praedicta
575 3193 735 3256 doctores
754 3208 788 3254 et
816 3193 955 3274 magistri
985 3213 1002 3256 e
1069 3209 1080 3254 t
1106 3193 1142 3253 in
1165 3193 1260 3273 quali-

224 3271 306 3338 libet
333 3278 495 3340 facultate.
545 3276 714 3340 Scholares
743 3292 871 3352 autem,
907 3212 1136 3358 undeiiiiqoe
1164 3300 1260 3342 vene-

225 3359 306 3435 rint,
338 3353 453 3425 sec'ure
473 3361 822 3438 'veniant-morando,
854 3365 991 3438 standop
1022 3366 1260 3436 etredeundo,

141 3477 144 3482 ·
227 3458 292 3508 tam
317 3445 357 3508 in
383 3449 657 3527 personisquam
685 3447 720 3509 in
748 3445 845 3512 rebu's
872 3447 996 3528 nullam
1024 3449 1207 3512 sentientes
1228 3448 1261 3509 iu

209 3530 336 3609 aliquo
358 3533 550 3602 laesionem,
595 3532 909 3614 Hospitium,.quod
933 3529 1049 3605 melius
1071 3534 1105 3594 in
1129 3534 1261 3616 civitate

230 3613 341 3689 fuerit,
361 3618 558 3680 scholaribus
579 3619 747 3696 locabitur,
769 3637 828 3700 pro
851 3619 987 3680 duarum
1004 3619 1175 3682 unciarum
1195 3617 1261 3681 auri

182 3719 185 3727 “
224 3721 338 3764 annua
361 3704 540 3781 pensione,
577 3705 641 3765 neo
675 3703 955 3766 ultra'extimatio
992 3703 1063 3784 ejus
1095 3707 1262 3768 ascendet.

150 3795 155 3806 “
222 3786 316 3856 Infra
335 3788 530 3868 praedictam
552 3805 664 3851 autem
683 3809 862 3862 summam,
889 3804 922 3852 et
949 3807 1058 3867 usque
1091 3789 1135 3850 ad
1157 3787 1257 3864 illam,

212 3873 336 3938 'omnia
357 3872 495 3958 hospitia
517 3872 730 3938 extimatione
744 3875 894 3936 duorum
916 3873 1039 3936 civium
1062 3889 1096 3936 et
1117 3875 1258 3938 duorum

223 3958 429 4026 scholarium
445 3959 650 4055 lucabantus
714 3960 874 4028 mcum
900 3959 965 4042 fiet¹
990 3959 1192 4030 scholaribus
1220 3965 1258 4023 ab

329 4079 336 4104 ι
1197 4045 1258 4110 illis
