2628 4748
695 358 700 363 .
729 380 736 411 r
1128 411 1133 418 Ι
1231 431 1232 436 ¹

1091 468 1096 477 ,
1190 443 1195 470 i

239 557 385 642 Legatos
412 551 522 633 itaque
551 549 706 622 Laudae·
720 549 761 630 ad
781 547 1014 636 imperatorem
1034 555 1174 636 mittunt,
1201 563 1253 642 qui·

240 643 303 710 bns
325 639 526 706 denunciant
548 637 590 711 ei,
620 637 768 724 selvelle
791 657 850 718 pro
871 637 1001 720 bonore
1027 643 1125 726 ipsius
1145 646 1253 710 munim

240 725 378 790 civitatis
396 739 429 788 et
450 723 607 786 fossatum
630 743 649 784 a
669 733 729 788 serr
746 721 887 802 partibus
906 723 1066 802 demoliri,
1088 746 1120 792 et
1136 731 1253 796 Potesta·
1284 755 1286 760 ’

238 825 309 876 tem
329 811 474 892 recipere
497 829 556 889 per
577 827 666 876 eum.
709 809 896 888 Imperator
917 825 1037 886 aurem,
1065 813 1171 876 habito
1196 825 1252 880 0011:

240 899 314 978 silio
337 913 474 958 suorum
498 893 697 974 principum,
730 907 763 956 et
785 893 1072 958 Cremonensium*
1084 919 1120 959 ac
1142 901 1253 980 Papien·

240 983 346 1060 sium,
359 976 616 1051 Novariensiurn
633 991 774 1056 quoque
789 991 822 1040 et
833 979 1078 1057 ‘Cuniensium-
1088 998 1179 1064 atque
1190 988 1253 1049 La'u.

240 1064 393 1130 densium
416 1079 449 1128 et
464 1063 599 1125 aliarum
622 1062 805 1136 civitatum,
828 1083 864 1126 ac
886 1063 1068 1146 principum
1090 1067 1252 1150 Longobar·

236 1151 323 1226 diae,
335 1147 459 1234 ,legatis
480 1147 664 1228 respondit:
682 1167 718 1210 se
735 1147 871 1212 minime
888 1149 1035 1230 recipere
1052 1145 1252 1220 Mediolanen

240 1257 308 1314 ses,
337 1235 400 1300 nisi
429 1236 489 1296 sub
520 1255 562 1296 eo
583 1227 620 1296 ‘se
643 1248 807 1312 ponerent
836 1235 1050 1313 omnifariam,
1072 1239 1145 1302 sine
1165 1241 1251 1320 aliquo

240 1337 366 1396 tenore,
396 1333 429 1386 et
451 1321 575 1398 absque
597 1317 663 1411 ulla
691 1317 881 1389 conditione
901 1319 1027 1398 facturi,
1055 1323 1201 1404 quioquid
1217 1327 1251 1388 eis

176 1466 178 1475 ,
239 1407 450 1492 praeciperet.
499 1403 616 1485 Legati
648 1423 729 1464 vero
760 1403 993 1468 Mediolanum
1025 1411 1158 1484 reversi,
1186 1431 1251 1489 quae

239 1495 280 1556 ab
297 1491 493 1574 imperatore
510 1488 689 1564 audierant,
707 1487 906 1568 sapientibus
917 1491 1251 1575 Medioiarriaperiunt,

239 1578 296 1658 qui
319 1577 376 1638 diu
398 1577 483 1638 inter
505 1595 541 1636 se
562 1573 628 1634 hoc
649 1573 879 1650 revolventes,
913 1591 946 1639 et
968 1577 1118 1642 dentium
1139 1579 1249 1643 stridore
1291 1615 1292 1662 3

235 1665 427 1734 frementes,
448 1659 527 1740 quid
541 1657 588 1722 eis
608 1655 798 1721 ‘faciendum
815 1659 863 1735 sit,
885 1659 1073 1739 titubabant,
1097 1665 1251 1727 subversio
1291 1663 1292 1732 i

238 1769 317 1816 uem
339 1747 477 1812 civitatis
500 1759 695 1818 metuentes,
718 1743 745 1806 si
765 1743 811 1806 sic
833 1745 963 1828 penitus
980 1747 1176 1830 imperatoris
1188 1751 1249 1832 jugo

239 1854 275 1898 se
293 1832 510 1906 submiserint,
532 1843 691 1911 paventes
710 1828 855 1910 qnoque,
868 1812 943 1894 siae
967 1833 1070 1898 taliter
1091 1833 1250 1917 imperatori

240 1919 429 1984 submittere
465 1913 713 1996 denegaverint,
749 1935 792 1980 ue
825 1929 899 1996 post
931 1919 1049 2000 magna
1082 1915 1249 1986 detrimenia

238 2003 368 2076 iterum,
397 1995 500 2070 ielint
522 1999 637 2072 nolint,
667 1997 787 2080 seipsi
813 2017 1003 2084 supponere
1036 2000 1202 2088 coginrur3
1226 2021 1250 2068 et

169 2106 170 2110 ’
239 2089 319 2150 dum
353 2105 470 2150 eorum
502 2083 602 2146 animi
636 2081 684 2146 sic
715 2081 858 2148 invicem
880 2087 1066 2174 ductarent,
1109 2105 1248 2172 postremo

236 2169 329 2252 quasi
351 2190 469 2234 omnes
489 2167 523 2240 in
545 2189 619 2232 eam
642 2167 808 2232 declinant
827 2173 1037 2236 sententiam:
1059 2195 1097 2239 se
1115 2173 1195 2240 velle
1209 2197 1249 2256 po·

237 2257 300 2320 tius
322 2254 483 2321 voluntati
506 2275 619 2334 parere
642 2254 860 2346 imperatoris,
894 2273 927 2320 et
956 2259 1150 2326 clementiae
1169 2261 1247 2342 ipsius

236 2357 411 2426 expectare
437 2341 619 2416 fortunam,
654 2359 753 2420 quatu
783 2339 916 2404 ulterius
944 2341 979 2404 in
1007 2365 1124 2426 guerra
1149 2369 1247 2430 perna·
1289 2361 1291 2386 ³

235 2449 335 2502 nere3
371 2425 577 2490 remittuntur
608 2423 705 2505 igitur
735 2423 776 2488 ad
807 2423 1039 2508 imperatorem
1070 2431 1180 2516 legati,
1206 2429 1248 2512 qui

234 2511 538 2580 Mediolanensium
560 2511 766 2574 voluntatem
793 2509 852 2574 sibi
876 2511 1030 2594 aperiant.
1058 2551 1102 2566 -
1141 2519 1248 2582 Interea

235 2600 291 2664 die
320 2593 493 2671 Mercurii,
524 2609 611 2676 'quae
640 2593 702 2659 suit
728 2594 832 2676 pridie
859 2593 1032 2668 calendas.
1048 2601 1157 2665 Martii
1179 2623 1246 2668 anno

232 2681 432 2748 Dominicae
463 2680 693 2748 incarnationis
727 2683 819 2748 1162.
860 2682 1049 2750 Intlictione
1071 2688 1201 2762 decima,
1222 2687 1248 2748 in

232 2769 338 2868 prima
359 2767 441 2830 hora
461 2767 574 2839 noctis,
596 2787 674 2828 aura
694 2766 872 2848 plurimum
892 2770 1083 2848 ventilante,
1113 2787 1194 2835 ortus
1211 2785 1247 2834 est

231 2852 317 2936 ignis
338 2852 474 2918 Laudae
493 2851 528 2912 in
540 2851 737 2928 Vallex'ella,
760 2851 817 2932 qui
838 2855 1015 2920 combussit
1036 2857 1130 2936 quasi
1150 2855 1247 2921 medie·

232 2953 334 3002 tatem
355 2937 398 3002 de
418 2936 606 3000 Vellerella
633 2951 666 3000 et
688 2937 862 3002 ecclesiam
880 2955 1010 3006 sanctae
1031 2941 1157 3008 Mariae
1175 2943 1246 3024 Mag·

232 3025 388 3100 dalenae,
419 3036 455 3093 et
476 3019 645 3086 ecclesiam
674 3022 860 3088 monasterii
888 3024 989 3088 sancti
1009 3025 1167 3092 Johannit
1187 3047 1245 3090 cum

145 3119 148 3126 '
232 3108 394 3190 aliquibus
422 3105 573 3172 domibus
603 3104 648 3168 ibi
676 3106 801 3172 vicinis.
841 3143 883 3158 -
921 3109 1079 3190 Sequenti
1107 3134 1184 3178 vero
1205 3109 1245 3174 die

229 3195 334 3272 iovis,
354 3191 553 3256 in-Catendis
572 3189 728 3256 videlicet
743 3193 947 3278 suprascripti
964 3196 1085 3274 Martii,
1105 3209 1246 3264 venerunt
1289 3233 1290 3262 t

150 3307 158 3318 s
229 3280 383 3343 consules
411 3275 611 3352 Mediolani,
641 3277 763 3341 scilicet
791 3278 871 3342 Otto
901 3280 1120 3358 vicecomes,
1148 3278 1244 3348 Amico
1289 3283 1290 3288 ’

163 3361 182 3422 .’
231 3365 275 3426 da
295 3363 394 3426 Porta
414 3365 576 3436 Romana,
597 3359 780 3426 Anselmus
800 3363 842 3426 de
859 3363 1042 3441 Mandello,
1065 3367 1244 3432 Gottifredur

230 3449 404 3522 Gattonus,
415 3447 594 3530 Ardericus
606 3445 749 3522 Cassina,
760 3446 943 3516 Anselmus
953 3451 996 3514 ¹de
1010 3451 1103 3527 Orto,
1115 3451 1244 3534 Aiipran·

229 3533 292 3595 dus
307 3532 421 3612 judex,
439 3530 619 3596 Arderirus
638 3533 680 3596 de
698 3531 836 3609 Bonate,
854 3547 888 3600 et
904 3549 977 3598 octo
996 3535 1049 3597 alii
1067 3535 1243 3600 militesMe·

228 3615 362 3692 diolani,
381 3630 455 3682 ante
468 3617 640 3680 dominnm
653 3633 687 3682 et
697 3617 938 3684 serenissimum
950 3619 1176 3700 imperatorem
1185 3623 1244 3683 Fre·

132 3695 136 3706 ’
229 3701 377 3767 clericum
397 3699 433 3766 in
453 3703 570 3783 palatio
588 3701 706 3794 ipsius,
728 3705 828 3784 quod
837 3717 885 3769 est
901 3705 1049 3778 laudae,
1071 3727 1146 3780 cum
1165 3703 1243 3788 spatis

145 3777 152 3790 “
227 3785 327 3852 nudis
349 3787 384 3856 iu
406 3786 572 3865 menibus,
606 3789 784 3854 'reddentes
808 3808 844 3852 se
865 3789 1053 3872 imperatori
1073 3791 1201 3854 nomine
1218 3801 1243 3850 et

228 3873 303 3940 vice
323 3871 419 3936 totius
439 3871 574 3946 civitatis
596 3893 729 3950 eornrn,
755 3887 790 3940 et
806 3871 1001 3956 juraverunt
1018 3889 1143 3952 omnes,
1164 3885 1243 3960 prout

160 3968 165 3976 '
226 3956 415 4048 imperatori
439 3957 580 4044 placuit,
611 3957 717 4056 qnod
728 3973 882 4044 peterent
908 3957 1062 4062 omuibus
1078 3957 1242 4064 praeceptis
1288 3991 1289 4038 ,

300 4058 304 4074 Ι
487 4061 489 4070 ,
1160 4063 1244 4132 ,ψ
