2628 4748
197 357 280 438 δι’
333 403 336 413 ·

326 471 332 498 i
1015 519 1019 526 1

204 563 312 616 ratum
327 543 535 623 habentibus,
545 535 701 634 utrinque
719 541 877 627 praestito·
887 517 1220 627 iatrime'nto,¹pactum

190 635 278 720 ‘ipso
297 637 416 698 mutuo
438 635 623 707 roboratur,
650 631 813 730 mortique
836 631 979 712 Majonis
1001 631 1152 694 terminus
1170 655 1221 698 rer.
1251 666 1260 677 υ

206 735 259 784 tus
278 715 474 802 praefigitur.
513 717 711 800 ‘Additque
725 713 821 780 ettam
844 715 1017 779 Matbaeus
1036 717 1184 780 Bonellus
1202 719 1223 783 si

206 804 363 886 temporis
385 805 515 868 interim
537 815 683 878 occurrat
706 802 947 884 opportunitas,
980 819 1178 884 nequaquam
1197 803 1224 866 id

207 889 268 954 sibi
291 889 364 953 esse
383 889 500 972 enimi*
517 905 560 952 ut·
575 888 755 972 praefixam
770 885 859 968 diem
877 901 1036 968 expectet,
1058 907 1120 950 nec
1136 909 1224 968 perse

207 971 378 1046 aeduum,
400 972 479 1054 quin
491 973 582 1048 illud,
605 971 704 1054 quani
722 983 847 1034 mature
864 971 974 1053 possit,
997 967 1146 1053 perficiat.
1166 977 1226 1038 Neo

207 1060 317 1124 miuus
340 1057 416 1120 alibi
437 1079 571 1139 quoque
592 1059 757 1122 fortunam
786 1055 879 1126 tantis
901 1056 1066 1120 Admirati
1085 1057 1228 1140 fatigatam

138 1187 142 1194 ·
198 1143 427 1217 successibus,
458 1145 526 1224 jam
549 1147 588 1206 ab
611 1143 686 1224 ejus
712 1141 873 1224 obsequio
902 1141 1077 1206 descivisse
1107 1143 1227 1223 percipe·

208 1248 275 1296 res.
308 1231 403 1292 'Cum
427 1229 516 1292 enirn
538 1227 670 1295 instaret
688 1227 756 1310 jam
780 1227 866 1301 dies,
899 1223 998 1308 quem
1021 1226 1228 1292 interficiendo

208 1313 280 1394 regi
301 1311 400 1376 idem·
413 1313 616 1394 providerat,
643 1312 773 1400 placuitl
787 1312 818 1386 ei
839 1331 915 1376 cum
936 1311 1231 1394 archiepiscopose·

209 1415 335 1462 cretum
360 1398 482 1464 babere
504 1399 717 1478 colloquium.
751 1403 906 1486 Cumque
929 1399 971 1462 de
992 1416 1070 1479 rege
1094 1399 1231 1459 maturius

209 1485 413 1558 amovendo,
428 1483 480 1546 'de
501 1479 654 1554 sedandis
677 1483 792 1568 populi
811 1483 964 1557 motibus,
985 1482 1144 1566 regnique
1164 1497 1231 1544 statu

158 1620 160 1632 .
203 1561 292 1632 'mox
314 1569 434 1641 futuro,
457 1567 675 1632 deliberantes
698 1568 842 1633 invicem
867 1569 1099 1650 disceptarent,
1115 1570 1233 1628 suborta

211 1667 263 1716 est
284 1653 364 1715 inde
383 1653 607 1716 oouooversla
629 1655 671 1716 de
694 1653 869 1727 thesauris,
897 1651 1064 1736 ipsiusque
1087 1653 1170 1732 regis
1189 1651 1234 1716 lilii

211 1740 315 1800 utrius
328 1739 498 1802 'deberent
519 1739 686 1806 costodiae
708 1739 877 1822 committi.
908 1737 1051 1802 Dicebat
1070 1737 1160 1801 enim
1179 1737 1236 1799 Ad·

211 1824 346 1886 miratus
368 1843 546 1904 puerorum
571 1825 721 1898 tutelam,
744 1847 780 1888 ac
801 1825 982 1899 thesauros,
1006 1823 1177 1909 totumque
1196 1841 1237 1902 pa·

212 1907 328 1970 lotium
357 1907 417 1969 sibi
441 1909 754 1984 debere'comtoitti,
786 1910 943 1992 quoniam
972 1917 1141 1992 oporteret
1160 1907 1237 1988 regni

211 1991 356 2072 negotiis
388 1991 559 2067 insudare,
601 1993 810 2074 maximeque
849 1995 1017 2074 thesauros
1053 1993 1237 2058 necessarios

165 2135 167 2138 ,
214 2088 288 2139 esse
311 2075 354 2136 ed
375 2077 532 2139 tumultus
553 2077 782 2142 rebellantium
800 2081 1075 2162 comprimendos,
1100 2092 1132 2143 et
1150 2097 1239 2140 arceu-

214 2161 278 2248 ἀοεΙ
319 2171 506 2224 exterorum
540 2161 690 2228 incursus
715 2164 878 2240 bostium,
916 2187 981 2229 nec
1020 2164 1092 2228 sine
1131 2161 1238 2244 magnis

214 2245 613 2326 sumptibbs'emerstuas
658 2249 878 2314 dissensiones
922 2265 963 2330 et¹
986 2249 1140 2314 intestina
1170 2249 1269 2310 bellt‘

186 2333 513 2412 zpbsse⁴oompesch
555 2333 838 2418 Arthie'piscopus
865 2352 976 2399 eutem
1004 2336 1128 2416 ajebat,
1158 2334 1188 2397 id
1213 2353 1242 2396 se
1291 2363 1292 2366 ¹

213 2419 393 2505 nunqubiip'
409 2421 598 2498 pbs'surum3
633 2423 710 2482 nim
734 2421 781 2484 e'x'
797 2443 836 2484 ea
858 2441 1047 2502 puerorum·
1067 2421 1168 2484 tutela
1186 2421 1242 2500 plu·

207 2499 345 2564 ‘timum'
363 2507 460 2582 ptlsse
489 2503 682 2584 suspicionis
710 2505 848 2584 innasci,
874 2506 1092 2585 maximeque
1115 2502 1242 2588 roboreti

154 2619 157 2624 ·
212 2583 480 2667 priecedi’ntem·
494 2588 600 2667 plebis
623 2590 833 2672 opinionem,
860 2605 937 2654 tunc
959 2587 1171 2654 omn'es'fore
1191 2610 1243 2652 cer·

215 2669 494 2748 tissirtros,'niitil
527 2672 619 2734 illum
655 2676 742 2736 aliud
777 2695 875 2754 quam
908 2695 1048 2756 regnum
1082 2689 1243 2758 appetere;

198 2757 296 2818 tuno
329 2757 485 2820 edversus
513 2778 592 2842 eum
620 2759 725 2820 modis
755 2760 907 2822 omnibus
936 2761 1149 2842 asperandos.
1187 2759 1245 2821 Sus

215 2855 350 2923 pessum
373 2842 465 2903 enim
486 2845 628 2922 tutorem
652 2843 761 2924 pueris
789 2843 857 2905 dari
885 2867 949 2909 nec
966 2848 1039 2928 jura
1055 2843 1246 2926 permittere,

216 2925 304 3008 etsi
327 2927 419 2990 datus
442 2925 498 3003 sit,
529 2930 775 3002 removendum
805 2949 954 3000 censere.
1005 2930 1121 2994 Sanius
1150 2944 1246 2990 autem

216 3009 292 3073 e'sse
325 3011 515 3088 consitium,
547 3028 584 3076 ut
612 3011 878 3094 archiepiscopis,
912 3015 1088 3098 episcopis,
1119 3013 1246 3092 ¹aliisque

217 3095 462 3160 venerabilibus
490 3114 528 3160 et
561 3096 720 3178 religiosis
741 3099 916 3180 'personis
951 3102 993 3164 de
1022 3098 1143 3180 quibus
1170 3097 1247 3160 nulle

217 3183 332 3259 posset
347 3181 461 3245 heberi
480 3183 632 3263 suspicio,
650 3180 840 3264 puerorum,
857 3205 894 3246 ac
912 3184 1141 3250 thesaurorum
1158 3196 1248 3243 tusto·

219 3261 498 3350 discrederetur.
553 3269 643 3330 Nam
671 3281 705 3332 et
731 3269 855 3334 reditus
884 3269 981 3334 totius
1008 3269 1100 3350 regni
1130 3264 1249 3347 sumpti-

218 3347 281 3442 bus
302 3349 458 3413 faciendis
481 3367 674 3436 suppetere,
691 3367 760 3435 et,
781 3353 807 3416 si
824 3355 1003 3428 ¹necessitas
1025 3353 1187 3436 exigeret,
1215 3351 1247 3412 ab

219 3431 299 3512 ipsis
322 3435 651 3506 cunimundum
671 3438 874 3516 custodibus,
903 3452 1062 3520 quantum
1085 3439 1249 3518 sufficeret,

221 3527 442 3598 accepturum:
485 3521 536 3584 Sic
558 3517 655 3602 igitur
676 3522 805 3586 alternis
824 3523 1111 3604 disceptationibus
1129 3543 1168 3586 ea
1187 3539 1261 3582 cotr-¹

59 3659 62 3666 .
220 3602 377 3665 troversia
401 3605 523 3684 diutius
545 3621 720 3687 protracta,
749 3625 824 3668 cum
848 3605 1153 3689 archiepiscopum
1173 3625 1251 3686 prae·

42 3727 45 3736 ,
117 3719 123 3724 ·
219 3678 404 3748 diota'no'n
430 3707 541 3772 posset
570 3691 667 3760 artelli
700 3691 878 3767 sententia,
913 3695 1100 3774 eademque
1132 3685 1251 3774 Majoni

219 3769 350 3850 penitus
372 3772 574 3856 displiceret,
604 3775 730 3858 quippe
759 3794 860 3854 quern
890 3779 956 3840 suis
985 3772 1125 3842 noverat
1146 3771 1251 3838 machi·

217 3853 572 3936 nationibusobviare,
595 3862 729 3924 tandem
746 3859 844 3923 iratus
863 3863 1047 3928 subintulitt
1069 3861 1202 3928 nonita
1221 3877 1251 3920 se

180 3978 181 3981 =
219 3937 265 4040 de
287 3939 534 4045 archiepiscopo
554 3943 735 4025 meruisse,
763 3959 804 4012 ut
828 3966 890 4014 suo
920 3948 1071 4034 debuerit
1097 3939 1252 4014 adunari

284 4053 286 4064 r
328 4063 338 4078 ,
1045 4091 1049 4098 '
1188 4049 1252 4118 pro·
