2682 4756
214 329 288 472 alid
336 355 338 362 Ι
412 351 414 358 ¹

218 585 287 636 tam
315 566 548 656 episcbporum
575 527 676 654 quain
702 565 903 656 principum
963 553 1174 642 ordinatis
1163 569 1252 654 rgitur

217 657 253 724 in
277 678 327 734 eo
339 659 438 722 rebus
460 655 693 734 ecclesiasticis,
713 657 828 722 exivit
836 655 992 720 dominus
1013 675 1098 738 papa
1120 654 1157 718 in
1184 674 1253 737 qua·
1322 701 1323 704 κ

131 808 133 811 ,
217 744 296 804 darn
325 741 490 824 spaciosae
520 743 696 807 latitudinis
725 745 848 826 platea·
883 741 961 821 quia
986 755 1057 804 non
1079 743 1253 823 poteratil
1322 800 1323 804 ,

15 812 18 824 ’
107 876 110 880 -
209 827 268 894 ios
291 848 408 910 capere
429 829 603 910 cujuslibet
626 827 776 892 aedificii
785 829 942 890 clausura.

306 913 374 1001 Qui
403 912 465 975 hac
493 909 628 978 suadela
646 912 833 978 rhetoricae
862 909 1063 986 dulcedinis,
1101 910 1255 994 generali·

217 1013 270 1064 ter
298 1002 339 1062 ad
367 1017 485 1063 omncs
512 999 546 1062 in
574 999 657 1064 hacc
685 1002 786 1063 verba
815 998 1032 1100 prorupit,
1013 997 1145 1061 dicens·
1181 1011 1255 1142 glens'

175 1095 184 1144 ἵ
219 1087 441 1182 Francorum,
477 1083 557 1166 gens
585 1099 845 1158 transmontana,
879 1095 980 1182 gent,
1008 1061 1089 1144 sicut
1111 1081 1149 1143 in
1169 1082 1255 1166 pluri-

206 1167 283 1232 bus
313 1169 425 1232 vestris
449 1169 561 1234 elucet
590 1169 781 1253 operibus,
795 1171 913 1232 aDco
941 1165 1059 1232 dilecta
1086 1181 1122 1230 et
1150 1167 1255 1244 electa,

219 1267 288 1318 tarn
311 1254 373 1317 situ
394 1268 567 1334 terrarum,
596 1265 697 1335 quant
718 1254 785 1318 fide
808 1247 992 1331 catholica,
998 1268 1111 1352 quarn
1135 1253 1256 1318 honore

128 1408 131 1432 μ
218 1325 353 1402 sa'nctae
387 1339 544 1404 ccclesiae
577 1342 617 1404 ab
655 1338 818 1402 universis
856 1325 1044 1402 nationibus
1069 1353 1255 1418 segregata.

220 1423 281 1496 Ad
315 1442 377 1487 vos
409 1443 518 1488 sermo
549 1436 662 1494 noster
693 1423 853 1507 dirigitur,
886 1424 1050 1504 vobisque
1079 1421 1255 1488 exhortatio

120 1513 125 1524 “
221 1521 332 1572 nostra
359 1507 602 1590 protenditur,
612 1509 695 1572 scire
716 1527 777 1572 vos
798 1511 971 1585 volumus,
1004 1517 1091 1588 quse
1118 1507 1256 1604 lugubris
1320 1546 1323 1571 t

160 1645 165 1652 .
219 1614 322 1656 causa
344 1595 384 1656 ad
406 1605 532 1656 vestros
553 1595 637 1658 fines
658 1610 719 1656 nos
749 1593 935 1673 adduxerit,
963 1607 1073 1694 'quae
1084 1591 1259 1656 necessitas·
1310 1649 1311 1652 ,

220 1695 333 1743 vestra
362 1694 621 1760 cunctorumque
646 1677 795 1742 fidelium
825 1677 995 1744 attraxerit.
1056 1672 1116 1742 Ab
1146 1676 1257 1741 Hiero
1284 1719 1289 1728 ·

220 1765 430 1862 solymorum
450 1764 571 1826 finibus
599 1777 633 1828 et
659 1767 741 1828 urbe
767 1761 1129 1848 Constantinopolitana
1150 1762 1255 1826 relatio

105 1885 107 1894 ι
137 1911 143 1920 ,
219 1848 331 1930 gravis
353 1845 495 1920 emersit,
518 1863 552 1912 et
573 1849 761 1930 saepissime
780 1850 848 1930 jam
871 1851 911 1912 ad
933 1865 1026 1929 aures
1048 1861 1177 1910 nostras
1197 1865 1258 1929 pen

91 1945 103 1952 ·
172 1972 174 1980 2
202 1933 333 1998 ¹venite
365 1933 456 2014 quod
478 1931 632 2006 videlicet
654 1952 733 2014 gens
755 1936 850 2015 tegni
871 1935 1062 2012 Persarum,
1096 1952 1257 2024 gemma

224 2017 354 2091 ledi‘cta,
377 2033 458 2114 gens
481 2032 644 2094 extranea,
666 2037 746 2099 gens
768 2039 899 2098 prorsus
922 2041 940 2080 a
961 2021 1039 2095 Deo
1061 2011 1185 2092 aliena,
1211 2037 1258 2098 gc·

225 2103 361 2168 amano
376 2093 513 2175 scilicet,
535 2121 621 2182 quae
644 2123 715 2166 non
737 2102 852 2168 ditexit
872 2119 928 2166 cor
949 2122 1057 2178 suum,
1078 2117 1113 2168 et
1132 2123 1199 2166 non
1215 2114 1258 2166 est

223 2185 367 2259 creditus
396 2205 472 2250 cum
500 2189 580 2252 Deo
608 2187 735 2272 spiritus
755 2189 851 2269 ejus,
889 2203 987 2252 terras
1016 2181 1151 2250 illorum
1179 2187 1257 2252 Chri
1300 2230 1309 2265 .,

227 2272 419 2364 arianorum
426 2257 613 2348 invaserit,
628 2273 732 2351 ferro,
760 2274 889 2356 rapina,
910 2271 1066 2338 inceiltlio
1088 2273 1257 2354 depopula

224 2352 325 2433 verit,
357 2358 513 2454 ipsusque
540 2358 686 2450 captivos
713 2359 839 2458 partim
856 2358 893 2420 in
914 2374 1031 2425 terram
1053 2379 1149 2420 suam
1171 2358 1257 2419 abdu·

177 2493 180 2500 .
204 2441 328 2516 serit,
348 2445 532 2533 partimque
554 2465 637 2508 nece
659 2435 834 2508 miserabili
855 2441 1080 2528 prostraverit,
1080 2439 1256 2508 ecclesias

183 2525 184 2533 ’
224 2547 294 2608 que
318 2521 384 2590 Dei
408 2545 475 2626 apt
471 2525 630 2601 funditus
650 2529 816 2628 everterit,
836 2545 891 2594 aut
912 2543 1047 2594 suorum
1068 2528 1145 2590 ritui
1166 2545 1256 2602 sacro
1320 2595 1325 2620 Ἴ

218 2633 301 2674 rum
329 2609 606 2697 mancipaverit.
615 2606 742 2678 Altaria
768 2615 835 2677 suis
861 2606 1069 2678 foeditatibus
1096 2613 1257 2696 inquinata
1319 2645 1323 2669 ι

193 2711 196 2716 ’
227 2682 439 2776 subvertunt,
471 2691 671 2764 Christianos
687 2697 944 2776 circumcidunt,
972 2715 1189 2798 cruoremque
1210 2697 1255 2758 cir·
1320 2741 1323 2769 ,1

81 2781 83 2793 '
133 2795 156 2854 „¹
226 2781 464 2879 durncisipnis,
468 2798 523 2846 aut
544 2803 644 2868 super
664 2785 772 2856 altaria
791 2786 944 2861 fundunt,
967 2799 1022 2850 aut
1042 2784 1076 2848 in
1090 2778 1257 2863 vasisbap·

164 2935 166 2940 χ
218 2866 372 2931 ‘tisterii
362 2885 572 2968 immergunt.
615 2871 659 2932 Et
686 2889 768 2948 quos
797 2873 844 2935 eis
873 2874 979 2953 placet
1005 2870 1089 2954 turpi
1113 2853 1256 2932 occubitu

228 2953 398 3028 mulctare,
419 2952 610 3015 umbilicum
633 2953 680 3018 eis
702 2956 876 3034 perforant,
899 2969 1000 3036 caput
1016 2953 1257 3019 vitaliorumrb·

51 3079 70 3110 „
134 3111 136 3115 y
217 3038 393 3113 strabum,
425 3039 467 3100 ad
487 3037 628 3118 stipitem
649 3039 767 3120 ligant,
797 3053 830 3103 et
851 3041 896 3106 sic
916 3033 1112 3122 flagellando
1126 3041 1255 3100 circum·

229 3123 405 3198 ducunt,
409 3126 490 3204 quo
493 3124 657 3212 adusque
686 3125 832 3186 extractis
861 3124 1059 3223 uisceribus,
1094 3123 1166 3229 polo
1194 3142 1256 3204 pro·

166 3279 169 3284 ,
228 3208 318 3272 strati
359 3208 545 3288 corruunt.
596 3211 768 3298 Quosdam
811 3195 908 3292 stipiti
949 3209 1063 3293 ligatos
1099 3199 1256 3290 'sagittant-

231 3291 404 3381 Quosdam
427 3304 562 3379 ιειιιειιιο
585 3295 670 3356 collo
692 3303 726 3360 et
747 3295 871 3357 'nudato
893 3294 1008 3378 gladio
1024 3303 1199 3390 appetunt,
1227 3300 1269 3352 et*

229 3392 342 3449 utrum
363 3399 431 3439 uno
453 3378 519 3442 ictu
541 3394 688 3447 truncare
709 3379 845 3461 possint,
861 3389 1062 3461 pertentant
1111 3375 1256 3526 zuiddi·

231 3482 303 3522 carn
336 3463 378 3524 de
412 3450 556 3528 nefando
588 3463 764 3526 mulierum
795 3466 1082 3552 constupratione?
1162 3481 1256 3542 equa

156 3546 167 3602 s
230 3545 328 3644 loqui
349 3539 490 3622 deterius
511 3563 579 3614 est.
605 3547 705 3640 quam
732 3549 838 3614 silere
877 3553 1036 3632 Regnum
1066 3549 1256 3620 Graecorum

229 3631 296 3712 jam
320 3633 359 3692 ab
382 3629 428 3694 eis
452 3633 654 3696 emutilatum
676 3648 727 3708 est
748 3649 781 3700 et
802 3634 867 3696 suis
885 3636 1000 3700 usibus
1017 3635 1256 3734 emancipatum,

200 3741 204 3764 ι
233 3714 324 3792 quod
347 3718 537 3780 transmeari
558 3735 627 3780 non
650 3731 756 3800 potest
785 3718 899 3783 itinere
929 3722 1071 3786 duorum
1093 3717 1255 3783 mensium.

234 3798 397 3900 Quibus
387 3801 484 3882 igitur
506 3802 555 3864 ad
559 3803 631 3874 iroc
652 3802 887 3881 ulciscendum,
911 3806 951 3866 ad
969 3805 1033 3868 hoc
1051 3795 1255 3903 eripiendum,

170 3899 174 3908 ·
230 3885 325 3950 labor
349 3884 526 3964 incumbit,
559 3887 620 3950 nisi
648 3891 760 3988 vobis,
793 3889 910 3970 quibus
940 3911 1017 3971 prae
1040 3887 1172 3953 caeteris
1192 3905 1256 3986 gen·

161 4027 166 4043 ,
225 3973 320 4036 tibus
341 3964 478 4069 cohtulit
494 3957 693 4040 Dominus
683 3975 811 4062 insigne
834 3976 935 4047 decus
953 3989 1127 4082 armorum,
1149 3966 1256 4052 magni·-

447 4087 449 4100 ’
579 4094 598 4146 s
858 4101 860 4104 ·
908 4120 915 4132 ,
1083 4057 1252 4124 tildilleiss
