2688 4754
72 565 199 696 qualiter
219 570 301 676 eum
318 608 375 672 vel
396 603 641 692 extinguerent,
672 608 730 673 vel
757 605 919 691 privatum
933 596 1093 710 iacerent,
1171 662 1176 675 ι
1254 627 1261 642 ·

43 739 46 746 »
72 698 206 762 consiliis
226 695 477 770 incumbebant,
504 715 574 756 non
595 695 794 792 recolentes,
816 715 851 758 se
874 697 996 758 debere
1017 695 1094 760 crvi-

72 787 126 847 bus
151 780 223 845 suis
243 797 377 866 pacem,
404 795 506 864 regno
531 777 703 860 justitiam,
727 779 795 862 regi
823 779 935 844 fidem.
989 781 1094 865 Igitur
1126 785 1129 803 “

74 871 222 940 Saxones,
256 886 337 948 gens
367 866 464 942 dura,
495 863 589 926 bellis
610 883 740 944 aspera,
772 879 838 926 tam
868 885 1023 964 praeceps
1053 867 1095 928 ad
1192 871 1213 890 '¹

67 974 151 1016 arma
171 971 271 1032 quam
282 953 408 1024 audax,
431 949 613 1013 vendicans
630 949 691 1010 sibi
711 949 967 1030 praerogativam
988 951 1094 1012 laudis

74 1059 110 1102 ex
129 1037 257 1118 incepto
276 1036 405 1134 furoris,
427 1051 564 1134 repente
586 1039 684 1114 snper
703 1055 817 1116 regem
835 1034 930 1096 arnus
946 1037 1094 1098 ruebant.
1184 1104 1189 1110 ,

75 1121 134 1220 Qui
160 1141 235 1182 oum
261 1121 373 1219 paucis
401 1134 513 1182 contra
534 1121 732 1182 innumeros
759 1137 911 1182 armatos
918 1121 1095 1201 confligere
1187 1131 1197 1194 s
1248 1137 1261 1148 ·

75 1207 281 1289 periculosum
305 1205 508 1278 existimins,
536 1203 593 1280 via
614 1205 743 1284 elapsus
765 1202 866 1266 vitam
886 1204 991 1280 laudi,
1014 1207 1096 1270 salu
1188 1235 1192 1248 ·

76 1307 133 1356 tem
153 1286 303 1354 fortunae
323 1291 486 1372 praetulit.
506 1271 627 1368 Itaque
645 1287 821 1352 videntes
813 1305 996 1372 rnceptum
998 1309 1096 1352 suum

43 1368 53 1455 J
77 1376 152 1439 votis
169 1397 238 1437 non
259 1374 478 1457 respondisse,
507 1388 580 1436 ossa
601 1371 659 1436 lilii
682 1372 784 1454 regis,
816 1393 879 1439 nec
903 1375 982 1466 dum
1005 1375 1095 1438 eninr

77 1461 236 1540 imperator
256 1461 359 1522 factus
382 1473 465 1536 erat,
492 1463 530 1533 (o
552 1457 766 1522 inhumanam
788 1473 951 1533 mentem,
982 1481 1003 1520 o
1024 1481 1096 1540 pro-
1188 1485 1212 1506 ι

77 1549 213 1608 brosam
225 1545 426 1630 vindictam)
454 1544 619 1608 effodere.
675 1545 765 1640 ⁸Qua
802 1559 940 1624 utraque
977 1543 1095 1625 injuria

78 1629 251 1712 gravissima
271 1651 332 1694 rex
352 1644 547 1706 commotus,
576 1625 755 1692 exercitum
778 1645 889 1702 contra
909 1629 998 1690 illam
1020 1650 1096 1710 geu
1198 1687 1206 1696 ,

79 1733 137 1778 tem
161 1715 267 1798 duxit,
290 1713 470 1789 conflixit,
479 1713 565 1776 vicit.
607 1712 738 1786 Vicit,.‘
730 1733 874 1793 mquam,
897 1716 999 1780 aliem
1022 1735 1103 1776 con·

80 1815 120 1862 na
143 1820 176 1866 se
202 1802 408 1884 instructam,
436 1821 507 1862 non
535 1797 786 1862 obstinationem
814 1816 964 1864 erectam
1006 1801 1097 1862 Nam

79 1880 144 1949 licet
163 1905 277 1948 eosm
298 1905 410 1966 pugna
430 1901 620 1966 congressus
642 1883 805 1956 vinceret,
837 1881 941 1948 victos
961 1875 1097 1966 fugaret,
1159 1939 1163 1954 ι
1194 1865 1208 1876 -

81 1960 192 2068 fugatos
223 1981 492 2064 persequeretur·
529 1968 605 2034 licet
637 1970 725 2028 bona
756 1987 872 2030 eorum
905 1957 1154 2046 devastaret,'‘-

80 2055 263 2122 munitiones
287 2068 459 2130 everteret,
482 2066 525 2116 et
536 2053 647 2116 omnia
669 2073 763 2132 quae
775 2052 890 2116 victori
910 2055 1029 2128 libent,
1056 2055 1099 2116 fa·

82 2155 175 2215 cerel,
214 2161 294 2202 ιιοιι,
323 2155 434 2202 tamen
472 2139 513 2200 ad
550 2137 752 2201 deditionem
795 2139 868 2220 cogi
910 2153 1097 2220 potuemus

31 2253 32 2259 ¹
81 2225 193 2288 Iterum
215 2246 293 2286 cum
311 2223 391 2288 inde
413 2223 584 2305 digressus,
606 2231 753 2304 reparato
775 2221 810 2284 in
831 2226 922 2286 brevi
944 2223 1099 2324 exercitu,

83 2329 132 2372 eos
150 2309 331 2410 invaderet,
360 2309 544 2372 diffidentes
566 2307 689 2370 viribus
710 2307 787 2379 suis,
818 2323 932 2389 utpote
949 2309 982 2372 in
1000 2309 1098 2390 priori
1157 2388 1158 2391 Ἴ
1219 2323 1223 2330 ’

82 2393 158 2457 bello
173 2397 380 2481 gravissime
389 2392 565 2468 contusis,
580 2393 671 2471 quod
695 2391 792 2455 saluti
812 2395 999 2474 proximum
1022 2401 1100 2469 erat,

84 2497 113 2542 se
137 2475 306 2556 dedidere,
337 2486 502 2576 sperantes
530 2497 643 2560 regem
671 2479 742 2540 sola
771 2477 941 2540 deditione
968 2493 1100 2544 conten

25 2625 26 2632 ,
84 2577 152 2640 turn,
171 2566 309 2648 gratiam
323 2573 415 2628 suam
436 2563 530 2626 facile
553 2564 758 2624 donaturum.
807 2563 872 2626 Sed
893 2565 992 2646 longe
1013 2583 1102 2644 prae
1188 2575 1190 2582 '

25 2647 26 2694 ἶ
56 2657 57 2664 ’
85 2664 126 2710 ter
144 2667 232 2732 spem
251 2650 383 2715 evenit:
404 2669 482 2710 narn
504 2661 563 2712 tex
585 2667 642 2712 eos
667 2636 764 2711 eirilio
788 2647 979 2748 addictos,
970 2669 1007 2710 ιιι
1023 2648 1101 2714 alie
1178 2706 1180 2711 .

85 2750 135 2795 nas
159 2749 253 2799 terras
283 2735 386 2810 misit,
418 2733 491 2796 ubi
485 2735 578 2796 dura
599 2733 744 2794 custodia
773 2733 949 2807 constricti,
981 2734 1108 2807 relaxa

51 2875 53 2880 .
86 2818 185 2880 tionis
184 2821 341 2884 edictum
369 2823 587 2915 expectarent.
638 2821 695 2883 De
723 2839 796 2898 quo
818 2819 915 2880 exilio
946 2817 998 2880 alii
1024 2819 1101 2900 suga

87 2904 184 2986 elapsi,
204 2906 257 2968 alii
277 2919 410 2988 propter
429 2925 602 2986 pecuniam
624 2923 643 2964 a
664 2903 860 2966 custodibus
873 2903 1004 3002 dimissi,
1023 2905 1104 2966 dum
1205 2925 1209 2930 ·

25 3023 26 3026 =
88 2992 122 3049 ad
140 2989 267 3071 patriam
290 3001 324 3054 e‘t
345 2993 482 3052 domurn
504 3007 596 3050 suam
617 2991 843 3069 repedassent,
876 2987 1000 3052 recenti
1028 3009 1102 3050 con

85 3072 230 3156 juratione
251 3088 288 3140 se
309 3076 453 3139 invicem
474 3073 674 3154 obligabant,
706 3091 743 3136 ut
764 3073 863 3155 parati
891 3089 1001 3136 essent
1025 3089 1100 3138 aute

88 3159 301 3259 mori,·'quam
330 3163 442 3228 denuo
470 3157 629 3224 deditioni
655 3158 779 3240 subjici.
822 3159 887 3222 Sed
910 3173 942 3220 et
965 3159 1103 3224 validior
1124 3185 1132 3200 ··

88 3235 189 3306 edmin
210 3245 389 3326 conjuratio
410 3246 493 3307 sacta
515 3259 578 3318 est,
601 3243 676 3323 quia
698 3243 850 3306 nonnulli
869 3245 1103 3337 Longobardo·

89 3347 184 3404 rum,
192 3333 407 3406 Francorum,
435 3333 654 3404 Baverorum,
684 3330 885 3402 saevorum,
908 3329 980 3391 data
1002 3344 1035 3392 et
1056 3349 1103 3390 ac

90 3429 170 3494 cepta
187 3414 267 3492 fide,
287 3415 350 3478 illis
372 3413 583 3500 conglutinati
604 3429 697 3490 sunt,
718 3413 777 3493 qui
797 3434 911 3496 regem
933 3413 1025 3478 bellis
1047 3393 1104 3476 itu·

92 3497 178 3577 dique
198 3499 370 3582 pulsarent.

161 3583 324 3652 Videntes
346 3600 456 3680 autem
476 3604 600 3684 regem
610 3581 704 3648 bellis
725 3582 813 3681 tangi
834 3603 940 3666 posse,
961 3605 1031 3648 non
1054 3577 1107 3648 de·
1147 3585 1148 3593 ’

25 3681 28 3696 ⁴
89 3664 150 3746 J'ici;
173 3671 303 3748 vexari,
329 3668 399 3734 no'n
426 3670 587 3752 superari;
620 3669 741 3767 quippe
764 3670 864 3750 cujus
860 3672 977 3732 robur
998 3670 1104 3732 adimo

26 3826 28 3838 Ι
93 3769 150 3815 erat
167 3753 434 3854 inexpugnabile.
457 3760 492 3818 rit
512 3757 640 3830 virese
621 3755 692 3835 ejus
715 3769 939 3830 extenuarent,
961 3753 1105 3817 confictis

94 3839 329 3933 conscriptisque
357 3861 456 3924 super
483 3853 526 3904 eo
554 3839 757 3914 criminibus,
790 3859 874 3938 quae
902 3841 1042 3920 pessima
1071 3853 1104 3902 et

93 3920 336 3990 immundissima
352 3926 466 4028 potuit
474 3925 587 3989 odium
606 3940 640 3994 et
657 3925 740 3988 livor
759 3926 952 4007 excogitare,
973 3940 1006 3988 et
1023 3943 1107 4022 quae

94 4005 164 4071 nihi
181 4012 326 4080 scribenti
351 4027 385 4080 et
412 4011 470 4090 tibi
488 4011 611 4098 legenti
627 4011 795 4087 nauseam
815 4024 982 4098 pararent,
1020 4009 1047 4072 si
1067 4029 1107 4072 ea

982 4113 1105 4178 pone
